<?xml version="1.0" encoding="UTF-8"?>
<collection>
    <!-- last page -->
    <record>
        <leader>04180nab a2200709 u 4500</leader>
        <controlfield tag="001">9915832384307426</controlfield>
        <controlfield tag="005">20221119043229.0</controlfield>
        <controlfield tag="008">150325e20141003xx |||||o|||||||||||eng||</controlfield>
        <datafield tag="016" ind1="7" ind2=" ">
            <subfield code="a">IND601224980</subfield>
            <subfield code="2">DNAL</subfield>
        </datafield>
        <datafield tag="024" ind1="7" ind2=" ">
            <subfield code="a">10.1080/02827581.2014.960893</subfield>
            <subfield code="2">doi</subfield>
        </datafield>
        <datafield tag="035" ind1=" " ind2=" ">
            <subfield code="a">agid:1224980-01nal_inst</subfield>
        </datafield>
        <datafield tag="040" ind1=" " ind2=" ">
            <subfield code="a">AGL</subfield>
            <subfield code="b">eng</subfield>
            <subfield code="c">AGL</subfield>
        </datafield>
        <datafield tag="100" ind1="1" ind2=" ">
            <subfield code="a">Lindbladh, Matts</subfield>
            <subfield code="e">author</subfield>
            <subfield code="u">Southern Swedish Forest Research Centre, SLU – Swedish University of
                Agricultural Sciences, PO Box 49, 230 53Alnarp, Sweden</subfield>
        </datafield>
        <datafield tag="245" ind1="1" ind2="0">
            <subfield code="a">From broadleaves to spruce – the borealization of southern
                Sweden</subfield>
        </datafield>
        <datafield tag="300" ind1=" " ind2=" ">
            <subfield code="a">p. 686-696.</subfield>
        </datafield>
        <datafield tag="520" ind1=" " ind2=" ">
            <subfield code="a">Mixed or broadleaf forests were once common in many regions of
                Northern Europe, whereas today conifers often dominate. The aim of the study was to
                investigate the spatial and temporal patterns and processes which underlie this
                transition to Picea abies dominance in southern Sweden. We use recently developed
                paleoecological methods to determine long-term changes in the relative abundance of
                tree species, and digitalized National Forest Inventory (NFI) databases to assess
                more recent changes in the spatial coverage of Picea throughout the region. The
                novel combination of the two databases reveals that Picea became a widespread and
                abundant species in many parts of southern Sweden around 1000 years ago. After a
                brief decline in abundance starting around 500 years ago, NFI data indicate a rapid
                increase in the volume of Picea between 1920 and 1950, prior to the large-scale
                introduction of Picea -dominated plantation forests. The available evidence suggests
                that abandonment of forest grazing and slash-and-burn cultivation, as well as
                selection cutting benefited the natural establishment and growth of Picea during the
                first half of the twentieth century. Hence, prior to the impacts of industrialized
                forestry that began in the 1950s, other processes were already favouring increased
                Picea abundance.</subfield>
        </datafield>
        <datafield tag="592" ind1=" " ind2=" ">
            <subfield code="a">Publisher supplied data</subfield>
        </datafield>
        <datafield tag="593" ind1=" " ind2=" ">
            <subfield code="a">PubAg article</subfield>
        </datafield>
        <datafield tag="650" ind1=" " ind2="3">
            <subfield code="a">Picea abies</subfield>
        </datafield>
        <datafield tag="650" ind1=" " ind2="3">
            <subfield code="a">conifers</subfield>
        </datafield>
        <datafield tag="650" ind1=" " ind2="3">
            <subfield code="a">cutting</subfield>
        </datafield>
        <datafield tag="650" ind1=" " ind2="3">
            <subfield code="a">databases</subfield>
        </datafield>
        <datafield tag="650" ind1=" " ind2="3">
            <subfield code="a">forest inventory</subfield>
        </datafield>
        <datafield tag="650" ind1=" " ind2="3">
            <subfield code="a">forest plantations</subfield>
        </datafield>
        <datafield tag="650" ind1=" " ind2="3">
            <subfield code="a">forests</subfield>
        </datafield>
        <datafield tag="650" ind1=" " ind2="3">
            <subfield code="a">grazing</subfield>
        </datafield>
        <datafield tag="650" ind1=" " ind2="3">
            <subfield code="a">industrialization</subfield>
        </datafield>
        <datafield tag="650" ind1=" " ind2="3">
            <subfield code="a">paleoecology</subfield>
        </datafield>
        <datafield tag="650" ind1=" " ind2="3">
            <subfield code="a">silvopastoral systems</subfield>
        </datafield>
        <datafield tag="650" ind1=" " ind2="3">
            <subfield code="a">trees</subfield>
        </datafield>
        <datafield tag="651" ind1=" " ind2="3">
            <subfield code="a">Northern European region</subfield>
        </datafield>
        <datafield tag="651" ind1=" " ind2="3">
            <subfield code="a">Sweden</subfield>
        </datafield>
        <datafield tag="653" ind1=" " ind2="0">
            <subfield code="a">forest history</subfield>
        </datafield>
        <datafield tag="653" ind1=" " ind2="0">
            <subfield code="a">forestry</subfield>
        </datafield>
        <datafield tag="653" ind1=" " ind2="0">
            <subfield code="a">National Forest Inventory</subfield>
        </datafield>
        <datafield tag="653" ind1=" " ind2="0">
            <subfield code="a">paleoecology</subfield>
        </datafield>
        <datafield tag="653" ind1=" " ind2="0">
            <subfield code="a">Picea abies</subfield>
        </datafield>
        <datafield tag="653" ind1=" " ind2="0">
            <subfield code="a">pollen analysis</subfield>
        </datafield>
        <datafield tag="653" ind1=" " ind2="0">
            <subfield code="a">Norway spruce</subfield>
        </datafield>
        <datafield tag="700" ind1="1" ind2=" ">
            <subfield code="a">Axelsson, Anna-Lena</subfield>
            <subfield code="e">author</subfield>
            <subfield code="u">Department of Forest Resource Management, SLU – Swedish University of
                Agricultural Sciences, 90183Umeå, Sweden</subfield>
        </datafield>
        <datafield tag="700" ind1="1" ind2=" ">
            <subfield code="a">Hultberg, Tove</subfield>
            <subfield code="e">author</subfield>
            <subfield code="u">Southern Swedish Forest Research Centre, SLU – Swedish University of
                Agricultural Sciences, PO Box 49, 230 53Alnarp, Sweden</subfield>
        </datafield>
        <datafield tag="700" ind1="1" ind2=" ">
            <subfield code="a">Brunet, Jörg</subfield>
            <subfield code="e">author</subfield>
            <subfield code="u">Southern Swedish Forest Research Centre, SLU – Swedish University of
                Agricultural Sciences, PO Box 49, 230 53Alnarp, Sweden</subfield>
        </datafield>
        <datafield tag="700" ind1="1" ind2=" ">
            <subfield code="a">Felton, Adam</subfield>
            <subfield code="e">author</subfield>
            <subfield code="u">Southern Swedish Forest Research Centre, SLU – Swedish University of
                Agricultural Sciences, PO Box 49, 230 53Alnarp, Sweden</subfield>
        </datafield>
        <datafield tag="773" ind1="0" ind2=" ">
            <subfield code="t">Scandinavian journal of forest research.</subfield>
            <subfield code="g">2014 Oct. 3, v. 29, no. 7 p.686-696</subfield>
            <subfield code="d">Taylor &amp; Francis</subfield>
            <subfield code="x">1651-1891</subfield>
            <subfield code="7">nnas</subfield>
        </datafield>
        <datafield tag="787" ind1="1" ind2=" ">
            <subfield code="o">islandora_article_repository</subfield>
        </datafield>
        <datafield tag="787" ind1="1" ind2=" ">
            <subfield code="o">product_pubag</subfield>
        </datafield>
        <datafield tag="787" ind1="1" ind2=" ">
            <subfield code="o">(Journal)jnl39219</subfield>
        </datafield>
        <datafield tag="856" ind1="4" ind2="0">
            <subfield code="u">http://dx.doi.org/10.1080/02827581.2014.960893</subfield>
            <subfield code="3">Available from publisher's site</subfield>
        </datafield>
        <datafield tag="912" ind1=" " ind2=" ">
            <subfield code="a">Article</subfield>
        </datafield>
        <datafield tag="914" ind1=" " ind2=" ">
            <subfield code="a">Journal:jnl39219</subfield>
            <subfield code="b">1651-1891</subfield>
            <subfield code="c">29</subfield>
            <subfield code="d">7</subfield>
            <subfield code="e">686</subfield>
        </datafield>
        <datafield tag="914" ind1=" " ind2=" ">
            <subfield code="f">Scandinavian journal of forest research</subfield>
        </datafield>
        <datafield tag="916" ind1=" " ind2=" ">
            <subfield code="a">Batch:889</subfield>
        </datafield>
        <datafield tag="917" ind1=" " ind2=" ">
            <subfield code="a">issued</subfield>
        </datafield>
        <datafield tag="918" ind1="2" ind2=" ">
            <subfield code="a">Taylor &amp; Francis Group</subfield>
            <subfield code="e">provider</subfield>
            <subfield code="5">DNAL</subfield>
        </datafield>
        <datafield tag="935" ind1=" " ind2=" ">
            <subfield code="a">IND601224980</subfield>
            <subfield code="9">ExL</subfield>
        </datafield>
        <datafield tag="949" ind1=" " ind2=" ">
            <subfield code="a">2015-05-11</subfield>
        </datafield>
        <datafield tag="953" ind1=" " ind2=" ">
            <subfield code="a">sfor20_sfor20.v029.i07_20150323184721#5813230.zip</subfield>
        </datafield>
        <datafield tag="962" ind1=" " ind2=" ">
            <subfield code="a">Batch:889 reviewed on 2015-05-11T11:00:03Z</subfield>
        </datafield>
        <datafield tag="962" ind1=" " ind2=" ">
            <subfield code="a">Batch:889 reviewed on 2015-05-11T16:00:03Z</subfield>
        </datafield>
        <datafield tag="974" ind1=" " ind2=" ">
            <subfield code="a">agid:1224980</subfield>
        </datafield>
        <datafield tag="983" ind1=" " ind2=" ">
            <subfield code="a">2015-03-25</subfield>
        </datafield>
        <datafield tag="984" ind1=" " ind2=" ">
            <subfield code="a">2015-05-11</subfield>
        </datafield>
    </record>