
    <record>
        <leader>05136nab a2200733 u 4500</leader>
        <controlfield tag="001">9915793651107426</controlfield>
        <controlfield tag="005">20221121042317.0</controlfield>
        <controlfield tag="008">190403e201311 xx |||||o|||||||||||eng||</controlfield>
        <datafield tag="016" ind1="7" ind2=" ">
            <subfield code="a">IND500692265</subfield>
            <subfield code="2">DNAL</subfield>
        </datafield>
        <datafield tag="024" ind1="7" ind2=" ">
            <subfield code="a">10.1016/j.agwat.2013.07.017</subfield>
            <subfield code="2">doi</subfield>
        </datafield>
        <datafield tag="035" ind1=" " ind2=" ">
            <subfield code="a">agid:607289-01nal_inst</subfield>
        </datafield>
        <datafield tag="040" ind1=" " ind2=" ">
            <subfield code="a">AGL</subfield>
            <subfield code="b">eng</subfield>
            <subfield code="c">AGL</subfield>
        </datafield>
        <datafield tag="100" ind1="1" ind2=" ">
            <subfield code="a">Nosetto, M.D.</subfield>
            <subfield code="e">author</subfield>
            <subfield code="u">Grupo de Estudios Ambientales, IMASL, Universidad Nacional de San
                Luis &amp; CONICET, San Luis, Argentina</subfield>
        </datafield>
        <datafield tag="245" ind1="1" ind2="0">
            <subfield code="a">Land-use and topography shape soil and groundwater salinity in
                central Argentina</subfield>
        </datafield>
        <datafield tag="300" ind1=" " ind2=" ">
            <subfield code="a">p. 120-129.</subfield>
        </datafield>
        <datafield tag="520" ind1=" " ind2=" ">
            <subfield code="a">Being one of the oldest and most serious environmental problems, soil
                and groundwater salinization poses critical challenges for the managing of
                agricultural and natural areas. Together with climate, topography and land-use are
                main controls dictating salt accumulation patterns at different spatial scales. In
                this paper, we quantified the response of salt accumulation to the interactive
                effects of topography (lowland-upland gradients) and vegetation (annual crops, tree
                plantations, native grasslands) across a sub-humid sedimentary landscape with
                shallow groundwater in the Inland Pampas of Argentina. We measured salt stocks from
                the surface down to the water-table through soil coring and their horizontal
                distribution through electrical-resistivity imaging in eleven fields occupied by
                annual crops, eucalyptus plantations and grasslands, encompassing water-table depth
                gradients of 1–6m below the surface. Land-use and topography exerted strong
                influences on salinity and explained together 82% and 66% of the spatial variability
                of groundwater salinity and soil salt accumulation (0–2m of depth), respectively. As
                a single explanatory variable, land-use overwhelmed topography dictating salinity
                patterns. Tree plantations stored 7–8 times more salts than croplands and grasslands
                throughout the unsaturated soil profile in areas with shallow water-tables
                (&lt;3.5-m depth). As groundwater became shallower, its salinity and that of the
                unsaturated soil above it increased, although the slope of this relationship was
                significantly higher in tree plantations. Soil salinity profiles and
                electrical-resistivity imaging showed maximum salinization around the water-table in
                tree plantations, indicating that groundwater absorption and solute exclusion by
                tree roots may be the dominant salinization mechanism. Our study highlights the
                strong influence of land-use on salinization patterns, which can be even stronger
                than the more widely recognized controls of climate and topography, and proposes
                some guidelines for a better use of vegetation to manage hydrology in salt-affected
                areas. A poor comprehension of this influence, as well as its underlying mechanisms,
                may lead to incorrect diagnosis of salinization and the implementation of
                ineffective management actions.</subfield>
        </datafield>
        <datafield tag="592" ind1=" " ind2=" ">
            <subfield code="a">Publisher supplied data</subfield>
        </datafield>
        <datafield tag="593" ind1=" " ind2=" ">
            <subfield code="a">PubAg article</subfield>
        </datafield>
        <datafield tag="650" ind1=" " ind2="3">
            <subfield code="a">Eucalyptus</subfield>
        </datafield>
        <datafield tag="650" ind1=" " ind2="3">
            <subfield code="a">absorption</subfield>
        </datafield>
        <datafield tag="650" ind1=" " ind2="3">
            <subfield code="a">climate</subfield>
        </datafield>
        <datafield tag="650" ind1=" " ind2="3">
            <subfield code="a">crops</subfield>
        </datafield>
        <datafield tag="650" ind1=" " ind2="3">
            <subfield code="a">grasslands</subfield>
        </datafield>
        <datafield tag="650" ind1=" " ind2="3">
            <subfield code="a">groundwater</subfield>
        </datafield>
        <datafield tag="650" ind1=" " ind2="3">
            <subfield code="a">image analysis</subfield>
        </datafield>
        <datafield tag="650" ind1=" " ind2="3">
            <subfield code="a">land use</subfield>
        </datafield>
        <datafield tag="650" ind1=" " ind2="3">
            <subfield code="a">plantations</subfield>
        </datafield>
        <datafield tag="650" ind1=" " ind2="3">
            <subfield code="a">roots</subfield>
        </datafield>
        <datafield tag="650" ind1=" " ind2="3">
            <subfield code="a">salinity</subfield>
        </datafield>
        <datafield tag="650" ind1=" " ind2="3">
            <subfield code="a">salts</subfield>
        </datafield>
        <datafield tag="650" ind1=" " ind2="3">
            <subfield code="a">soil salinity</subfield>
        </datafield>
        <datafield tag="650" ind1=" " ind2="3">
            <subfield code="a">solutes</subfield>
        </datafield>
        <datafield tag="650" ind1=" " ind2="3">
            <subfield code="a">topography</subfield>
        </datafield>
        <datafield tag="650" ind1=" " ind2="3">
            <subfield code="a">trees</subfield>
        </datafield>
        <datafield tag="651" ind1=" " ind2="3">
            <subfield code="a">Argentina</subfield>
        </datafield>
        <datafield tag="653" ind1=" " ind2="0">
            <subfield code="a">Salinization</subfield>
        </datafield>
        <datafield tag="653" ind1=" " ind2="0">
            <subfield code="a">Eucalyptus</subfield>
        </datafield>
        <datafield tag="653" ind1=" " ind2="0">
            <subfield code="a">Afforestation</subfield>
        </datafield>
        <datafield tag="653" ind1=" " ind2="0">
            <subfield code="a">Pampas</subfield>
        </datafield>
        <datafield tag="653" ind1=" " ind2="0">
            <subfield code="a">Biodrainage</subfield>
        </datafield>
        <datafield tag="653" ind1=" " ind2="0">
            <subfield code="a">Ecohydrology</subfield>
        </datafield>
        <datafield tag="700" ind1="1" ind2=" ">
            <subfield code="a">Acosta, A.M.</subfield>
            <subfield code="e">author</subfield>
            <subfield code="u">Grupo de Estudios Ambientales, IMASL, Universidad Nacional de San
                Luis &amp; CONICET, San Luis, Argentina</subfield>
        </datafield>
        <datafield tag="700" ind1="1" ind2=" ">
            <subfield code="a">Jayawickreme, D.H.</subfield>
            <subfield code="e">author</subfield>
            <subfield code="u">Nicholas School of the Environment and Center on Global Change, Duke
                University, Durham, NC, USA</subfield>
        </datafield>
        <datafield tag="700" ind1="1" ind2=" ">
            <subfield code="a">Ballesteros, S.I.</subfield>
            <subfield code="e">author</subfield>
            <subfield code="u">Grupo de Estudios Ambientales, IMASL, Universidad Nacional de San
                Luis &amp; CONICET, San Luis, Argentina</subfield>
        </datafield>
        <datafield tag="700" ind1="1" ind2=" ">
            <subfield code="a">Jackson, R.B.</subfield>
            <subfield code="e">author</subfield>
            <subfield code="u">Nicholas School of the Environment and Center on Global Change, Duke
                University, Durham, NC, USA</subfield>
        </datafield>
        <datafield tag="700" ind1="1" ind2=" ">
            <subfield code="a">Jobbágy, E.G.</subfield>
            <subfield code="e">author</subfield>
            <subfield code="u">Grupo de Estudios Ambientales, IMASL, Universidad Nacional de San
                Luis &amp; CONICET, San Luis, Argentina</subfield>
        </datafield>
        <datafield tag="773" ind1="0" ind2=" ">
            <subfield code="t">Agricultural water management.</subfield>
            <subfield code="g">2013 Nov., v. 129 p.120-129</subfield>
            <subfield code="d">Elsevier B.V.</subfield>
            <subfield code="w">Journal:jnl8460</subfield>
            <subfield code="x">0378-3774</subfield>
            <subfield code="7">nnas</subfield>
        </datafield>
        <datafield tag="787" ind1="1" ind2=" ">
            <subfield code="o">islandora_article_repository</subfield>
        </datafield>
        <datafield tag="787" ind1="1" ind2=" ">
            <subfield code="o">product_pubag</subfield>
        </datafield>
        <datafield tag="787" ind1="1" ind2=" ">
            <subfield code="o">(Journal)jnl8460</subfield>
        </datafield>
        <datafield tag="856" ind1="4" ind2="0">
            <subfield code="u">https://dx.doi.org/10.1016/j.agwat.2013.07.017</subfield>
            <subfield code="3">Available from publisher's site</subfield>
        </datafield>
        <datafield tag="912" ind1=" " ind2=" ">
            <subfield code="a">Article</subfield>
        </datafield>
        <datafield tag="914" ind1=" " ind2=" ">
            <subfield code="a">Journal:jnl8460</subfield>
            <subfield code="b">0378-3774</subfield>
            <subfield code="c">129</subfield>
            <subfield code="e">120</subfield>
        </datafield>
        <datafield tag="914" ind1=" " ind2=" ">
            <subfield code="f">Agricultural water management</subfield>
        </datafield>
        <datafield tag="917" ind1=" " ind2=" ">
            <subfield code="a">issued</subfield>
        </datafield>
        <datafield tag="918" ind1="2" ind2=" ">
            <subfield code="a">Elsevier Consyn</subfield>
            <subfield code="e">provider</subfield>
            <subfield code="5">DNAL</subfield>
        </datafield>
        <datafield tag="935" ind1=" " ind2=" ">
            <subfield code="a">IND500692265</subfield>
            <subfield code="9">ExL</subfield>
        </datafield>
        <datafield tag="949" ind1=" " ind2=" ">
            <subfield code="a">2019-04-03</subfield>
        </datafield>
        <datafield tag="953" ind1=" " ind2=" ">
            <subfield code="a"
                >/data/metadata/incoming/consyn-backfiles/46-2-00066-HEAD-ONLY.zip</subfield>
        </datafield>
        <datafield tag="954" ind1=" " ind2=" ">
            <subfield code="a"
                >file:/data/metadata/staging/consyn-backfiles/S0378377413001984.xml</subfield>
        </datafield>
        <datafield tag="955" ind1=" " ind2=" ">
            <subfield code="a">/data/metadata/staging/consyn-backfiles/</subfield>
        </datafield>
        <datafield tag="974" ind1=" " ind2=" ">
            <subfield code="a">agid:607289</subfield>
        </datafield>
        <datafield tag="983" ind1=" " ind2=" ">
            <subfield code="a">2019-04-03</subfield>
        </datafield>
        <datafield tag="984" ind1=" " ind2=" ">
            <subfield code="a">2019-04-03</subfield>
        </datafield>
    </record>