
    <record>
        <leader>05199nab a2200865 u 4500</leader>
        <controlfield tag="001">9915793729607426</controlfield>
        <controlfield tag="005">20221121230443.0</controlfield>
        <controlfield tag="008">160723e20160601xx |||||o|||||||||||eng||</controlfield>
        <datafield tag="016" ind1="7" ind2=" ">
            <subfield code="a">IND605311762</subfield>
            <subfield code="2">DNAL</subfield>
        </datafield>
        <datafield tag="024" ind1="7" ind2=" ">
            <subfield code="a">10.1016/j.geoderma.2016.02.013</subfield>
            <subfield code="2">doi</subfield>
        </datafield>
        <datafield tag="035" ind1=" " ind2=" ">
            <subfield code="a">agid:5311762-01nal_inst</subfield>
        </datafield>
        <datafield tag="040" ind1=" " ind2=" ">
            <subfield code="a">AGL</subfield>
            <subfield code="b">eng</subfield>
            <subfield code="c">AGL</subfield>
        </datafield>
        <datafield tag="100" ind1="1" ind2=" ">
            <subfield code="a">Krueger, Jiem</subfield>
            <subfield code="e">author</subfield>
        </datafield>
        <datafield tag="245" ind1="1" ind2="0">
            <subfield code="a">Soil water repellency and chemical soil properties in a beech forest
                soil — Spatial variability and interrelations</subfield>
        </datafield>
        <datafield tag="300" ind1=" " ind2=" ">
            <subfield code="a">p. 50-62.</subfield>
        </datafield>
        <datafield tag="520" ind1=" " ind2=" ">
            <subfield code="a">Higher solute input due to stemflow infiltration causes enhanced soil
                acidification near the tree base. Infiltration-driven alteration of chemical soil
                properties like pH, and carbon to nitrogen ratio (C/N) and particle surface
                properties like oxygen to carbon ratio (O/C), may also affect soil wettability with
                a trend to increased soil water repellency (SWR) with increased acidity. Our study
                provides a link between chemical soil quality and physical behavior with respect to
                soil water infiltration and SWR, respectively in a beech forest soil.The spatial
                variability of soil properties was analyzed within a grid (Δ=1m, 5m×8m=40m2) and, to
                reveal direct effects of stemflow influence on soil properties, we sampled along a
                tree row (Δz=0.8m, l=46.60m) with varying sampling points to tree distances. All
                samples were taken in a beech (Fagus sylvatica L.) forest Bws/Bw-horizon in 0.1–0.2m
                depth (dystric cambisol).Analysis of spatial variability by standard statistics and
                geostatistical methods revealed no substantial differences between grid and transect
                samples for pH and sulfate, Al, and Fe (aluminum and iron oxalic acid extractable)
                concentration and SWR in terms of contact angle (CA, sessile drop method) measured
                for bulk soil samples. According to standard statistics, the total variance of
                chemical soil properties and SWR was independent of stemflow infiltration pattern.
                Results of spectral variance analysis showed that the spatial variability of
                acidification (pH, Al content) as well as SWR was strongly affected by the pattern
                of patches with and without stemflow infiltration or the distribution of beech
                trees, respectively. In a more or less regularly planted beech forest this caused a
                cyclic variation of soil acidification and SWR with a strong trend to increased SWR
                (CA ranges 17°–72°) with increased soil acidity. Specific chemical surface
                properties, analyzed via X-ray photoelectron spectroscopy, like O/C ratio (r2=0.782)
                and the amount of nonpolar C species (r2=0.768) as well as surface Al concentration
                (r2=0.867) clearly showed a strong relation to CAs. Hence, SWR was strongly affected
                by stemflow infiltration patterns into soil. For C/N, sulfate, and Fe content no
                significant relations to SWR or soil acidity were found.</subfield>
        </datafield>
        <datafield tag="592" ind1=" " ind2=" ">
            <subfield code="a">Publisher supplied data</subfield>
        </datafield>
        <datafield tag="593" ind1=" " ind2=" ">
            <subfield code="a">PubAg article</subfield>
        </datafield>
        <datafield tag="650" ind1=" " ind2="3">
            <subfield code="a">B horizons</subfield>
        </datafield>
        <datafield tag="650" ind1=" " ind2="3">
            <subfield code="a">Cambisols</subfield>
        </datafield>
        <datafield tag="650" ind1=" " ind2="3">
            <subfield code="a">Fagus sylvatica</subfield>
        </datafield>
        <datafield tag="650" ind1=" " ind2="3">
            <subfield code="a">X-ray photoelectron spectroscopy</subfield>
        </datafield>
        <datafield tag="650" ind1=" " ind2="3">
            <subfield code="a">acidification</subfield>
        </datafield>
        <datafield tag="650" ind1=" " ind2="3">
            <subfield code="a">acidity</subfield>
        </datafield>
        <datafield tag="650" ind1=" " ind2="3">
            <subfield code="a">aluminum</subfield>
        </datafield>
        <datafield tag="650" ind1=" " ind2="3">
            <subfield code="a">analysis of variance</subfield>
        </datafield>
        <datafield tag="650" ind1=" " ind2="3">
            <subfield code="a">carbon</subfield>
        </datafield>
        <datafield tag="650" ind1=" " ind2="3">
            <subfield code="a">carbon nitrogen ratio</subfield>
        </datafield>
        <datafield tag="650" ind1=" " ind2="3">
            <subfield code="a">contact angle</subfield>
        </datafield>
        <datafield tag="650" ind1=" " ind2="3">
            <subfield code="a">forest soils</subfield>
        </datafield>
        <datafield tag="650" ind1=" " ind2="3">
            <subfield code="a">forests</subfield>
        </datafield>
        <datafield tag="650" ind1=" " ind2="3">
            <subfield code="a">geostatistics</subfield>
        </datafield>
        <datafield tag="650" ind1=" " ind2="3">
            <subfield code="a">infiltration (hydrology)</subfield>
        </datafield>
        <datafield tag="650" ind1=" " ind2="3">
            <subfield code="a">iron</subfield>
        </datafield>
        <datafield tag="650" ind1=" " ind2="3">
            <subfield code="a">oxalic acid</subfield>
        </datafield>
        <datafield tag="650" ind1=" " ind2="3">
            <subfield code="a">oxygen</subfield>
        </datafield>
        <datafield tag="650" ind1=" " ind2="3">
            <subfield code="a">soil acidification</subfield>
        </datafield>
        <datafield tag="650" ind1=" " ind2="3">
            <subfield code="a">soil heterogeneity</subfield>
        </datafield>
        <datafield tag="650" ind1=" " ind2="3">
            <subfield code="a">soil pH</subfield>
        </datafield>
        <datafield tag="650" ind1=" " ind2="3">
            <subfield code="a">soil quality</subfield>
        </datafield>
        <datafield tag="650" ind1=" " ind2="3">
            <subfield code="a">soil sampling</subfield>
        </datafield>
        <datafield tag="650" ind1=" " ind2="3">
            <subfield code="a">soil water</subfield>
        </datafield>
        <datafield tag="650" ind1=" " ind2="3">
            <subfield code="a">solutes</subfield>
        </datafield>
        <datafield tag="650" ind1=" " ind2="3">
            <subfield code="a">stemflow</subfield>
        </datafield>
        <datafield tag="650" ind1=" " ind2="3">
            <subfield code="a">sulfates</subfield>
        </datafield>
        <datafield tag="650" ind1=" " ind2="3">
            <subfield code="a">trees</subfield>
        </datafield>
        <datafield tag="650" ind1=" " ind2="3">
            <subfield code="a">variance</subfield>
        </datafield>
        <datafield tag="650" ind1=" " ind2="3">
            <subfield code="a">water repellent soils</subfield>
        </datafield>
        <datafield tag="650" ind1=" " ind2="3">
            <subfield code="a">wettability</subfield>
        </datafield>
        <datafield tag="653" ind1=" " ind2="0">
            <subfield code="a">Soil water repellency</subfield>
        </datafield>
        <datafield tag="653" ind1=" " ind2="0">
            <subfield code="a">Geostatistics</subfield>
        </datafield>
        <datafield tag="653" ind1=" " ind2="0">
            <subfield code="a">Spectral variance analysis</subfield>
        </datafield>
        <datafield tag="653" ind1=" " ind2="0">
            <subfield code="a">X-ray photoelectron spectroscopy</subfield>
        </datafield>
        <datafield tag="653" ind1=" " ind2="0">
            <subfield code="a">Element composition</subfield>
        </datafield>
        <datafield tag="700" ind1="1" ind2=" ">
            <subfield code="a">Böttcher, Jürgen</subfield>
            <subfield code="e">author</subfield>
            <subfield code="u">Leibniz Universität Hannover, Institute of Soil Science, Herrenhäuser
                Str. 2, 30419 Hannover, Germany</subfield>
        </datafield>
        <datafield tag="700" ind1="1" ind2=" ">
            <subfield code="a">Schmunk, Christian</subfield>
            <subfield code="e">author</subfield>
            <subfield code="u">Leibniz Universität Hannover, Institute of Soil Science, Herrenhäuser
                Str. 2, 30419 Hannover, Germany</subfield>
        </datafield>
        <datafield tag="700" ind1="1" ind2=" ">
            <subfield code="a">Bachmann, Jörg</subfield>
            <subfield code="e">author</subfield>
            <subfield code="u">Leibniz Universität Hannover, Institute of Soil Science, Herrenhäuser
                Str. 2, 30419 Hannover, Germany</subfield>
        </datafield>
        <datafield tag="773" ind1="0" ind2=" ">
            <subfield code="t">Geoderma.</subfield>
            <subfield code="g">2016 June 01, v. 271 p.50-62</subfield>
            <subfield code="d">Elsevier B.V.</subfield>
            <subfield code="x">0016-7061</subfield>
            <subfield code="7">nnas</subfield>
        </datafield>
        <datafield tag="787" ind1="1" ind2=" ">
            <subfield code="o">islandora_article_repository</subfield>
        </datafield>
        <datafield tag="787" ind1="1" ind2=" ">
            <subfield code="o">product_pubag</subfield>
        </datafield>
        <datafield tag="787" ind1="1" ind2=" ">
            <subfield code="o">(Journal)jnl16374</subfield>
        </datafield>
        <datafield tag="856" ind1="4" ind2="0">
            <subfield code="u">http://dx.doi.org/10.1016/j.geoderma.2016.02.013</subfield>
            <subfield code="3">Available from publisher's site</subfield>
        </datafield>
        <datafield tag="912" ind1=" " ind2=" ">
            <subfield code="a">Article</subfield>
        </datafield>
        <datafield tag="914" ind1=" " ind2=" ">
            <subfield code="a">Journal:jnl16374</subfield>
            <subfield code="b">0016-7061</subfield>
            <subfield code="c">271</subfield>
            <subfield code="e">50</subfield>
        </datafield>
        <datafield tag="914" ind1=" " ind2=" ">
            <subfield code="f">Geoderma</subfield>
        </datafield>
        <datafield tag="916" ind1=" " ind2=" ">
            <subfield code="a">Batch:1446</subfield>
        </datafield>
        <datafield tag="917" ind1=" " ind2=" ">
            <subfield code="a">issued</subfield>
        </datafield>
        <datafield tag="918" ind1="2" ind2=" ">
            <subfield code="a">Elsevier Consyn</subfield>
            <subfield code="e">provider</subfield>
            <subfield code="5">DNAL</subfield>
        </datafield>
        <datafield tag="935" ind1=" " ind2=" ">
            <subfield code="a">IND605311762</subfield>
            <subfield code="9">ExL</subfield>
        </datafield>
        <datafield tag="949" ind1=" " ind2=" ">
            <subfield code="a">2016-10-28</subfield>
        </datafield>
        <datafield tag="953" ind1=" " ind2=" ">
            <subfield code="a">consyn46842-00001-HEAD-ONLY-AGRICULTURAL SCIENCE.ZIP</subfield>
        </datafield>
        <datafield tag="962" ind1=" " ind2=" ">
            <subfield code="a">Batch:1446 reviewed on 2016-10-28T12:00:02Z</subfield>
        </datafield>
        <datafield tag="974" ind1=" " ind2=" ">
            <subfield code="a">agid:5311762</subfield>
        </datafield>
        <datafield tag="983" ind1=" " ind2=" ">
            <subfield code="a">2016-07-23</subfield>
        </datafield>
        <datafield tag="984" ind1=" " ind2=" ">
            <subfield code="a">2016-10-28</subfield>
        </datafield>
    </record>