
    <record>
        <leader>03830nab a2200661 u 4500</leader>
        <controlfield tag="001">9915795850807426</controlfield>
        <controlfield tag="005">20221121030615.0</controlfield>
        <controlfield tag="008">150206s2015 xx |||||o|||||||||||eng||</controlfield>
        <datafield tag="016" ind1="7" ind2=" ">
            <subfield code="a">IND601204363</subfield>
            <subfield code="2">DNAL</subfield>
        </datafield>
        <datafield tag="024" ind1="7" ind2=" ">
            <subfield code="a">10.1071/AN14641</subfield>
            <subfield code="2">doi</subfield>
        </datafield>
        <datafield tag="035" ind1=" " ind2=" ">
            <subfield code="a">agid:1204363-01nal_inst</subfield>
        </datafield>
        <datafield tag="040" ind1=" " ind2=" ">
            <subfield code="a">AGL</subfield>
            <subfield code="b">eng</subfield>
            <subfield code="c">AGL</subfield>
        </datafield>
        <datafield tag="100" ind1="1" ind2=" ">
            <subfield code="a">Larson-Praplan, S.</subfield>
            <subfield code="u">University of CA Cooperative Extension, Sonoma County, 133 Aviation
                Boulevard, Suite 109, Santa Rosa, CA 95403, USA.</subfield>
        </datafield>
        <datafield tag="245" ind1="1" ind2="0">
            <subfield code="a">Spatial and temporal domains of scale of grazing cattle</subfield>
        </datafield>
        <datafield tag="300" ind1=" " ind2=" ">
            <subfield code="a">p. 284-297.</subfield>
        </datafield>
        <datafield tag="520" ind1=" " ind2=" ">
            <subfield code="a">Spatio-temporal patterns of cattle grazing were studied in four
                annual grassland pastures in California, differing mainly in tree canopy cover. Cows
                were equipped with global positioning collars that recorded position, temperature
                and head movements at 5-min intervals during 6 days in each of four seasons repeated
                during 2 years. The time animals took to traverse areas of varying diameter revealed
                patches of 6–9-m diameter in the pastures with low, and 18–21-m diameter in the
                pastures with high tree canopy cover. In agreement with the current model,
                crookedness of cow paths had two distinct domains. Within distances of 0–40 m, paths
                were relatively straight and similar, but from 40 to 200 m, they became increasingly
                tortuous. Correlation of sequential turning angles identified patches of movement
                with diameters between 40 and 100 m, which correspond to the ‘patch’ level of
                grazing within grazing sites. Seasonal changes in meal patterns were consistent with
                changes in temperature and forage quality and interacted with the distribution of
                shade. Thus, spatial distribution of grazing and temporal distribution of meals were
                inextricably linked. Low forage quality and high temperatures in summer resulted in
                highly concentrated grazing around trees. Conversely, winter and early spring
                forages of very high quality and low availability motivated more widely distributed
                grazing, with low proportion of areas being re-grazed. Resting sites acted as
                beginning and end of grazing bouts. We conclude that shade distribution can modulate
                meal start and duration.</subfield>
        </datafield>
        <datafield tag="592" ind1=" " ind2=" ">
            <subfield code="a">Publisher supplied data</subfield>
        </datafield>
        <datafield tag="593" ind1=" " ind2=" ">
            <subfield code="a">PubAg article</subfield>
        </datafield>
        <datafield tag="650" ind1=" " ind2="3">
            <subfield code="a">canopy</subfield>
        </datafield>
        <datafield tag="650" ind1=" " ind2="3">
            <subfield code="a">collars</subfield>
        </datafield>
        <datafield tag="650" ind1=" " ind2="3">
            <subfield code="a">cows</subfield>
        </datafield>
        <datafield tag="650" ind1=" " ind2="3">
            <subfield code="a">forage quality</subfield>
        </datafield>
        <datafield tag="650" ind1=" " ind2="3">
            <subfield code="a">grasslands</subfield>
        </datafield>
        <datafield tag="650" ind1=" " ind2="3">
            <subfield code="a">grazing</subfield>
        </datafield>
        <datafield tag="650" ind1=" " ind2="3">
            <subfield code="a">head</subfield>
        </datafield>
        <datafield tag="650" ind1=" " ind2="3">
            <subfield code="a">models</subfield>
        </datafield>
        <datafield tag="650" ind1=" " ind2="3">
            <subfield code="a">pastures</subfield>
        </datafield>
        <datafield tag="650" ind1=" " ind2="3">
            <subfield code="a">seasonal variation</subfield>
        </datafield>
        <datafield tag="650" ind1=" " ind2="3">
            <subfield code="a">spring</subfield>
        </datafield>
        <datafield tag="650" ind1=" " ind2="3">
            <subfield code="a">summer</subfield>
        </datafield>
        <datafield tag="650" ind1=" " ind2="3">
            <subfield code="a">temperature</subfield>
        </datafield>
        <datafield tag="650" ind1=" " ind2="3">
            <subfield code="a">trees</subfield>
        </datafield>
        <datafield tag="650" ind1=" " ind2="3">
            <subfield code="a">winter</subfield>
        </datafield>
        <datafield tag="651" ind1=" " ind2="3">
            <subfield code="a">California</subfield>
        </datafield>
        <datafield tag="653" ind1=" " ind2="0">
            <subfield code="a">animal movement</subfield>
        </datafield>
        <datafield tag="653" ind1=" " ind2="0">
            <subfield code="a">fractals</subfield>
        </datafield>
        <datafield tag="653" ind1=" " ind2="0">
            <subfield code="a">livestock behaviour</subfield>
        </datafield>
        <datafield tag="700" ind1="1" ind2=" ">
            <subfield code="a">George, M. R.</subfield>
            <subfield code="u">Department of Plant Sciences, MS 1, One Shields Avenue, UC Davis, CA
                95616, USA.</subfield>
        </datafield>
        <datafield tag="700" ind1="1" ind2=" ">
            <subfield code="a">Buckhouse, J. C.</subfield>
            <subfield code="u">Oregon State University, Corvallis, OR 97330, USA.</subfield>
        </datafield>
        <datafield tag="700" ind1="1" ind2=" ">
            <subfield code="a">Laca, E. A.</subfield>
            <subfield code="u">Department of Plant Sciences, MS 1, One Shields Avenue, UC Davis, CA
                95616, USA.</subfield>
        </datafield>
        <datafield tag="773" ind1="0" ind2=" ">
            <subfield code="t">Animal production science.</subfield>
            <subfield code="g">2015, v. 55, no. 3 p.284-297</subfield>
            <subfield code="d">CSIRO Publishing</subfield>
            <subfield code="x">1836-0939</subfield>
            <subfield code="7">nnas</subfield>
        </datafield>
        <datafield tag="787" ind1="1" ind2=" ">
            <subfield code="o">islandora_article_repository</subfield>
        </datafield>
        <datafield tag="787" ind1="1" ind2=" ">
            <subfield code="o">product_pubag</subfield>
        </datafield>
        <datafield tag="787" ind1="1" ind2=" ">
            <subfield code="o">(Journal)jnl37620</subfield>
        </datafield>
        <datafield tag="856" ind1="4" ind2="0">
            <subfield code="u">http://dx.doi.org/10.1071/AN14641</subfield>
            <subfield code="3">Available from publisher's site</subfield>
        </datafield>
        <datafield tag="912" ind1=" " ind2=" ">
            <subfield code="a">Article</subfield>
        </datafield>
        <datafield tag="914" ind1=" " ind2=" ">
            <subfield code="a">Journal:jnl37620</subfield>
            <subfield code="b">1836-0939</subfield>
            <subfield code="c">55</subfield>
            <subfield code="d">3</subfield>
            <subfield code="e">284</subfield>
        </datafield>
        <datafield tag="914" ind1=" " ind2=" ">
            <subfield code="f">Animal production science</subfield>
        </datafield>
        <datafield tag="916" ind1=" " ind2=" ">
            <subfield code="a">Batch:1280</subfield>
        </datafield>
        <datafield tag="917" ind1=" " ind2=" ">
            <subfield code="a">issued</subfield>
        </datafield>
        <datafield tag="918" ind1="2" ind2=" ">
            <subfield code="a">Commonwealth Scientific and Industrial Research Organisation
                (CSIRO)</subfield>
            <subfield code="e">provider</subfield>
            <subfield code="5">DNAL</subfield>
        </datafield>
        <datafield tag="935" ind1=" " ind2=" ">
            <subfield code="a">IND601204363</subfield>
            <subfield code="9">ExL</subfield>
        </datafield>
        <datafield tag="949" ind1=" " ind2=" ">
            <subfield code="a">2016-04-13</subfield>
        </datafield>
        <datafield tag="953" ind1=" " ind2=" ">
            <subfield code="a">AN_55_3.ZIP</subfield>
        </datafield>
        <datafield tag="962" ind1=" " ind2=" ">
            <subfield code="a">Batch:1280 reviewed on 2016-04-13T12:00:02Z</subfield>
        </datafield>
        <datafield tag="974" ind1=" " ind2=" ">
            <subfield code="a">agid:1204363</subfield>
        </datafield>
        <datafield tag="983" ind1=" " ind2=" ">
            <subfield code="a">2015-02-06</subfield>
        </datafield>
        <datafield tag="984" ind1=" " ind2=" ">
            <subfield code="a">2016-04-13</subfield>
        </datafield>
    </record>