
    <record>
        <leader>04718nab a2200733 u 4500</leader>
        <controlfield tag="001">9915796103607426</controlfield>
        <controlfield tag="005">20221123043017.0</controlfield>
        <controlfield tag="008">190808e20190807xx |||||o|||||||||||eng||</controlfield>
        <datafield tag="016" ind1="7" ind2=" ">
            <subfield code="a">IND606559844</subfield>
            <subfield code="2">DNAL</subfield>
        </datafield>
        <datafield tag="024" ind1="7" ind2=" ">
            <subfield code="a">10.3959/1536-1098-75.2.127</subfield>
            <subfield code="2">doi</subfield>
        </datafield>
        <datafield tag="035" ind1=" " ind2=" ">
            <subfield code="a">agid:6559844-01nal_inst</subfield>
        </datafield>
        <datafield tag="040" ind1=" " ind2=" ">
            <subfield code="a">AGL</subfield>
            <subfield code="b">eng</subfield>
            <subfield code="c">AGL</subfield>
        </datafield>
        <datafield tag="100" ind1="1" ind2=" ">
            <subfield code="a">Kilpatrick, Mackenzie</subfield>
            <subfield code="e">author</subfield>
            <subfield code="u">DendroLab, Department of Natural Resources and Environmental Science,
                Mail Stop 0186, University of Nevada, Reno, NV 89557, USA</subfield>
        </datafield>
        <datafield tag="245" ind1="1" ind2="0">
            <subfield code="a">Fire history of an old-growth ponderosa pine stand in the sheep
                range, desert national wildlife refuge, nevada, usa</subfield>
        </datafield>
        <datafield tag="300" ind1=" " ind2=" ">
            <subfield code="a">p. 127-138.</subfield>
        </datafield>
        <datafield tag="520" ind1=" " ind2=" ">
            <subfield code="a">Southwestern ponderosa pine forests have experienced reduced fire
                frequency since Euro-American settlement generally because of successful fire
                suppression policies. We report here on the fire history of a ponderosa pine stand
                located in the Sheep Range, which is part of the Desert National Wildlife Refuge, in
                the Mojave Desert. A total of 22 dominant, fire-scarred ponderosa pines were sampled
                by taking 29 partial cross-sections and 18 wood increment cores. Maximum age of
                ponderosa pines at the study area exceeded 800 years, and sampled trees were often
                older than 500 years, so that the site tree-ring chronology covered 522 years
                (1490–2011). Crossdating revealed both extreme sensitivity and highly synchronous
                patterns, with the expressed population signal (EPS) exceeding 0.9 in 30-year moving
                windows throughout the length of the chronology. Fire statistics were calculated for
                the 1565–2011 period, during which at least 10 of the crossdated trees had been
                scarred and were recording fire. During the recorder period, there were 16 fires
                that met the two-tree minimum threshold, yielding a mean fire interval (MFI) of 25
                years, a median fire interval (MedFI) of 15 years, and a Weibull median probability
                interval (WMPI) of 18 years; the point mean fire interval (PMFI) was 69 years. The
                longest fire-free intervals since 1565 occurred in the past two centuries, with 70
                years (1862–1931) followed by another 80 years (1933–2012). The stand-wide 1932 fire
                is the last event recorded by the sampled trees. Overall there was reduced fire
                frequency from the late 19ᵗʰ Century to present compared to the previous three
                centuries. Because there is no record of active fire management in the study area,
                this finding is consistent with similar results obtained in two remote mountains of
                the Great Basin Desert, and points to a need for greater spatial coverage in fire
                history information, even for species that have been actively studied in other
                environments.</subfield>
        </datafield>
        <datafield tag="592" ind1=" " ind2=" ">
            <subfield code="a">Publisher supplied data</subfield>
        </datafield>
        <datafield tag="593" ind1=" " ind2=" ">
            <subfield code="a">PubAg article</subfield>
        </datafield>
        <datafield tag="650" ind1=" " ind2="3">
            <subfield code="a">Pinus ponderosa</subfield>
        </datafield>
        <datafield tag="650" ind1=" " ind2="3">
            <subfield code="a">Weibull statistics</subfield>
        </datafield>
        <datafield tag="650" ind1=" " ind2="3">
            <subfield code="a">coniferous forests</subfield>
        </datafield>
        <datafield tag="650" ind1=" " ind2="3">
            <subfield code="a">conservation areas</subfield>
        </datafield>
        <datafield tag="650" ind1=" " ind2="3">
            <subfield code="a">dendrochronology</subfield>
        </datafield>
        <datafield tag="650" ind1=" " ind2="3">
            <subfield code="a">fire frequency</subfield>
        </datafield>
        <datafield tag="650" ind1=" " ind2="3">
            <subfield code="a">fire history</subfield>
        </datafield>
        <datafield tag="650" ind1=" " ind2="3">
            <subfield code="a">fire suppression</subfield>
        </datafield>
        <datafield tag="650" ind1=" " ind2="3">
            <subfield code="a">fires</subfield>
        </datafield>
        <datafield tag="650" ind1=" " ind2="3">
            <subfield code="a">growth rings</subfield>
        </datafield>
        <datafield tag="650" ind1=" " ind2="3">
            <subfield code="a">issues and policy</subfield>
        </datafield>
        <datafield tag="650" ind1=" " ind2="3">
            <subfield code="a">mountains</subfield>
        </datafield>
        <datafield tag="650" ind1=" " ind2="3">
            <subfield code="a">old-growth forests</subfield>
        </datafield>
        <datafield tag="650" ind1=" " ind2="3">
            <subfield code="a">probability</subfield>
        </datafield>
        <datafield tag="650" ind1=" " ind2="3">
            <subfield code="a">sheep</subfield>
        </datafield>
        <datafield tag="650" ind1=" " ind2="3">
            <subfield code="a">trees</subfield>
        </datafield>
        <datafield tag="650" ind1=" " ind2="3">
            <subfield code="a">wood</subfield>
        </datafield>
        <datafield tag="651" ind1=" " ind2="3">
            <subfield code="a">Great Basin Desert</subfield>
        </datafield>
        <datafield tag="651" ind1=" " ind2="3">
            <subfield code="a">Mojave Desert</subfield>
        </datafield>
        <datafield tag="653" ind1=" " ind2="0">
            <subfield code="a">ponderosa pine</subfield>
        </datafield>
        <datafield tag="653" ind1=" " ind2="0">
            <subfield code="a">Nevada</subfield>
        </datafield>
        <datafield tag="653" ind1=" " ind2="0">
            <subfield code="a">Desert National Wildlife Refuge</subfield>
        </datafield>
        <datafield tag="653" ind1=" " ind2="0">
            <subfield code="a">tree rings</subfield>
        </datafield>
        <datafield tag="653" ind1=" " ind2="0">
            <subfield code="a">dendroecology</subfield>
        </datafield>
        <datafield tag="700" ind1="1" ind2=" ">
            <subfield code="a">Roberts, James</subfield>
            <subfield code="e">author</subfield>
            <subfield code="u">U.S. Fish and Wildlife Service, Pacific Southwest Region, 2800
                Cottage Way, W-2606, Sacramento, CA 95825, USA</subfield>
        </datafield>
        <datafield tag="700" ind1="1" ind2=" ">
            <subfield code="a">Biondi, Franco</subfield>
            <subfield code="e">author</subfield>
            <subfield code="u">DendroLab, Department of Natural Resources and Environmental Science,
                Mail Stop 0186, University of Nevada, Reno, NV 89557, USA</subfield>
        </datafield>
        <datafield tag="773" ind1="0" ind2=" ">
            <subfield code="t">Tree-ring research.</subfield>
            <subfield code="g">2019 Aug. 7, v. 75, no. 2 p.127-138</subfield>
            <subfield code="d">Tree-Ring Society</subfield>
            <subfield code="w">Journal:J000000158</subfield>
            <subfield code="x">1536-1098</subfield>
            <subfield code="7">nnas</subfield>
        </datafield>
        <datafield tag="787" ind1="1" ind2=" ">
            <subfield code="o">islandora_article_repository</subfield>
        </datafield>
        <datafield tag="787" ind1="1" ind2=" ">
            <subfield code="o">product_pubag</subfield>
        </datafield>
        <datafield tag="787" ind1="1" ind2=" ">
            <subfield code="o">(Journal)J000000158</subfield>
        </datafield>
        <datafield tag="856" ind1="4" ind2="0">
            <subfield code="u">http://dx.doi.org/10.3959/1536-1098-75.2.127</subfield>
            <subfield code="3">Available from publisher's site</subfield>
        </datafield>
        <datafield tag="912" ind1=" " ind2=" ">
            <subfield code="a">Article</subfield>
        </datafield>
        <datafield tag="914" ind1=" " ind2=" ">
            <subfield code="a">Journal:J000000158</subfield>
            <subfield code="b">1536-1098</subfield>
            <subfield code="c">75</subfield>
            <subfield code="d">2</subfield>
            <subfield code="e">127</subfield>
        </datafield>
        <datafield tag="914" ind1=" " ind2=" ">
            <subfield code="f">Tree-ring research</subfield>
        </datafield>
        <datafield tag="916" ind1=" " ind2=" ">
            <subfield code="a">Batch:2336</subfield>
        </datafield>
        <datafield tag="917" ind1=" " ind2=" ">
            <subfield code="a">issued</subfield>
        </datafield>
        <datafield tag="918" ind1="2" ind2=" ">
            <subfield code="a">BioOne</subfield>
            <subfield code="e">provider</subfield>
            <subfield code="5">DNAL</subfield>
        </datafield>
        <datafield tag="935" ind1=" " ind2=" ">
            <subfield code="a">IND606559844</subfield>
            <subfield code="9">ExL</subfield>
        </datafield>
        <datafield tag="949" ind1=" " ind2=" ">
            <subfield code="a">2019-11-06</subfield>
        </datafield>
        <datafield tag="953" ind1=" " ind2=" ">
            <subfield code="a"
                >/data/metadata/incoming/bioone/1536-1098-75.2.127_front.xml.zip</subfield>
        </datafield>
        <datafield tag="954" ind1=" " ind2=" ">
            <subfield code="a"
                >file:/data/metadata/staging/bioone/1536-1098-75.2.127_front.xml</subfield>
        </datafield>
        <datafield tag="955" ind1=" " ind2=" ">
            <subfield code="a">/data/metadata/staging/bioone/</subfield>
        </datafield>
        <datafield tag="962" ind1=" " ind2=" ">
            <subfield code="a">Batch:2336 reviewed on 2019-11-06T13:00:06Z</subfield>
        </datafield>
        <datafield tag="974" ind1=" " ind2=" ">
            <subfield code="a">agid:6559844</subfield>
        </datafield>
        <datafield tag="983" ind1=" " ind2=" ">
            <subfield code="a">2019-08-08</subfield>
        </datafield>
        <datafield tag="984" ind1=" " ind2=" ">
            <subfield code="a">2019-11-06</subfield>
        </datafield>
    </record>