
    <record>
        <leader>04764nab a2200721 u 4500</leader>
        <controlfield tag="001">9915796432607426</controlfield>
        <controlfield tag="005">20221121221440.0</controlfield>
        <controlfield tag="008">090120e20090210xx |||||o|||||||||||eng||</controlfield>
        <datafield tag="016" ind1="7" ind2=" ">
            <subfield code="a">IND44149945</subfield>
            <subfield code="2">DNAL</subfield>
        </datafield>
        <datafield tag="024" ind1="7" ind2=" ">
            <subfield code="a">10.1016/j.foreco.2008.10.034</subfield>
            <subfield code="2">doi</subfield>
        </datafield>
        <datafield tag="024" ind1="7" ind2=" ">
            <subfield code="a">10113/23363</subfield>
            <subfield code="2">hdl</subfield>
        </datafield>
        <datafield tag="035" ind1=" " ind2=" ">
            <subfield code="a">agid:23363-01nal_inst</subfield>
        </datafield>
        <datafield tag="040" ind1=" " ind2=" ">
            <subfield code="a">AGL</subfield>
            <subfield code="b">eng</subfield>
            <subfield code="c">AGL</subfield>
        </datafield>
        <datafield tag="072" ind1=" " ind2="0">
            <subfield code="a">K110</subfield>
        </datafield>
        <datafield tag="072" ind1=" " ind2="0">
            <subfield code="a">F300</subfield>
        </datafield>
        <datafield tag="100" ind1="1" ind2=" ">
            <subfield code="a">Coop, Jonathan D.</subfield>
        </datafield>
        <datafield tag="245" ind1="1" ind2="0">
            <subfield code="a">Regeneration of Rocky Mountain bristlecone pine (Pinus aristata) and
                limber pine (Pinus flexilis) three decades after stand-replacing fires</subfield>
        </datafield>
        <datafield tag="300" ind1=" " ind2=" ">
            <subfield code="a">p. 893-903.</subfield>
        </datafield>
        <datafield tag="500" ind1=" " ind2=" ">
            <subfield code="a">Includes references</subfield>
        </datafield>
        <datafield tag="520" ind1=" " ind2=" ">
            <subfield code="a">Rocky Mountain bristlecone pine (Pinus aristata) and limber pine
                (Pinus flexilis) are important high-elevation pines of the southern Rockies that are
                forecast to decline due to the recent spread of white pine blister rust (Cronartium
                ribicola) into this region. Proactive management strategies to promote the evolution
                of rust resistance and maintain ecosystem function require an improved understanding
                of the role of disturbance on the population dynamics of both species and
                environmental conditions that favor seedling establishment. We examined patterns of
                bristlecone and limber pine regeneration across the perimeters of three,
                29-year-old, high-severity burns in northern, central, and southern Colorado: Ouzel,
                Badger Mountain, and Maes Creek, respectively. Both species exhibited a very
                protracted regeneration response to these fires. Bristlecone pine regeneration was
                concentrated near burn edges and beneath surviving seed sources. This spatial
                pattern is consistent with limitations incurred by wind-dispersal, also borne out by
                the low occurrence of seedling clusters. Relative to unburned stands, the absolute
                abundance of bristlecone pine generally increased only on plots retaining some
                surviving trees. Limber pine regeneration pattern varied between sites: high in the
                burn interior at Ouzel, concentrated at burn edges at Badger, and mostly in unburned
                stands at Maes. Clark's Nutcracker dispersal of limber pine in each study area was
                indicated by high seedling distance from possible seed sources and high frequencies
                of clustered stems. Except at Ouzel, the absolute abundance of limber pine decreased
                in burns. Across sites, establishment by both species was boosted by nearby nurse
                objects (rocks, fallen logs, and standing tree trunks), a relationship that extended
                out at least as far as the closest three such objects, usually found within 50cm.
                Fire decreased the frequency of Pedicularis but increased Castilleja and Ribes
                species (alternate hosts of white pine blister rust), though only one species, R.
                cereum, was positively associated with either pine species. We conclude that
                regeneration of bristlecone and limber pine may benefit from natural disturbance or
                proactive management creating appropriately sized openings and microtopographic
                structure (e.g., abundant fallen logs); however, beneficial responses may require
                many decades to be achieved.</subfield>
        </datafield>
        <datafield tag="593" ind1=" " ind2=" ">
            <subfield code="a">PubAg article</subfield>
        </datafield>
        <datafield tag="593" ind1=" " ind2=" ">
            <subfield code="c">USDA submission</subfield>
        </datafield>
        <datafield tag="650" ind1=" " ind2="3">
            <subfield code="a">conifers</subfield>
        </datafield>
        <datafield tag="650" ind1=" " ind2="3">
            <subfield code="a">natural regeneration</subfield>
        </datafield>
        <datafield tag="650" ind1=" " ind2="3">
            <subfield code="a">Pinus aristata</subfield>
        </datafield>
        <datafield tag="650" ind1=" " ind2="3">
            <subfield code="a">Pinus flexilis</subfield>
        </datafield>
        <datafield tag="650" ind1=" " ind2="3">
            <subfield code="a">coniferous forests</subfield>
        </datafield>
        <datafield tag="650" ind1=" " ind2="3">
            <subfield code="a">population dynamics</subfield>
        </datafield>
        <datafield tag="650" ind1=" " ind2="3">
            <subfield code="a">spatial distribution</subfield>
        </datafield>
        <datafield tag="650" ind1=" " ind2="3">
            <subfield code="a">edge effects</subfield>
        </datafield>
        <datafield tag="650" ind1=" " ind2="3">
            <subfield code="a">forest growth</subfield>
        </datafield>
        <datafield tag="650" ind1=" " ind2="3">
            <subfield code="a">seedling growth</subfield>
        </datafield>
        <datafield tag="650" ind1=" " ind2="3">
            <subfield code="a">topography</subfield>
        </datafield>
        <datafield tag="650" ind1=" " ind2="3">
            <subfield code="a">microhabitats</subfield>
        </datafield>
        <datafield tag="650" ind1=" " ind2="3">
            <subfield code="a">fires</subfield>
        </datafield>
        <datafield tag="650" ind1=" " ind2="3">
            <subfield code="a">forest trees</subfield>
        </datafield>
        <datafield tag="651" ind1=" " ind2="3">
            <subfield code="a">Rocky Mountain region</subfield>
        </datafield>
        <datafield tag="651" ind1=" " ind2="3">
            <subfield code="a">Colorado</subfield>
        </datafield>
        <datafield tag="653" ind1=" " ind2="0">
            <subfield code="a">post-fire regeneration</subfield>
        </datafield>
        <datafield tag="700" ind1="1" ind2=" ">
            <subfield code="a">Schoettle, Anna W.</subfield>
        </datafield>
        <datafield tag="773" ind1="0" ind2=" ">
            <subfield code="t">Forest ecology and management.</subfield>
            <subfield code="g">2009 Feb. 10, v. 257, no. 3 p.893-903</subfield>
            <subfield code="d">Elsevier Science</subfield>
            <subfield code="x">0378-1127</subfield>
            <subfield code="7">nnas</subfield>
        </datafield>
        <datafield tag="787" ind1="1" ind2=" ">
            <subfield code="o">product_pubag</subfield>
        </datafield>
        <datafield tag="787" ind1="1" ind2=" ">
            <subfield code="o">islandora_article_repository</subfield>
        </datafield>
        <datafield tag="787" ind1="1" ind2=" ">
            <subfield code="o">islandora_pubag_with_text</subfield>
        </datafield>
        <datafield tag="787" ind1="1" ind2=" ">
            <subfield code="o">(Journal)jnl9013</subfield>
        </datafield>
        <datafield tag="852" ind1=" " ind2=" ">
            <subfield code="a">DNAL</subfield>
        </datafield>
        <datafield tag="856" ind1="4" ind2="0">
            <subfield code="u">https://handle.nal.usda.gov/10113/23363</subfield>
            <subfield code="3">Available in the National Agricultural Library PubAg search
                system</subfield>
        </datafield>
        <datafield tag="856" ind1="4" ind2="0">
            <subfield code="u">http://dx.doi.org/10.1016/j.foreco.2008.10.034</subfield>
            <subfield code="3">Available from publisher's Web site</subfield>
        </datafield>
        <datafield tag="912" ind1=" " ind2=" ">
            <subfield code="a">Article</subfield>
        </datafield>
        <datafield tag="914" ind1=" " ind2=" ">
            <subfield code="a">Journal:jnl9013</subfield>
            <subfield code="b">0378-1127</subfield>
            <subfield code="c">257</subfield>
            <subfield code="d">3</subfield>
            <subfield code="e">893</subfield>
        </datafield>
        <datafield tag="914" ind1=" " ind2=" ">
            <subfield code="f">Forest ecology and management</subfield>
        </datafield>
        <datafield tag="917" ind1=" " ind2=" ">
            <subfield code="a">issued</subfield>
        </datafield>
        <datafield tag="930" ind1=" " ind2=" ">
            <subfield code="a">20090209</subfield>
            <subfield code="b">20090301</subfield>
            <subfield code="c">00000000</subfield>
        </datafield>
        <datafield tag="935" ind1=" " ind2=" ">
            <subfield code="a">IND44149945</subfield>
            <subfield code="9">ExL</subfield>
        </datafield>
        <datafield tag="945" ind1=" " ind2=" ">
            <subfield code="a">IND</subfield>
            <subfield code="d">LYN</subfield>
            <subfield code="e">2009/02/06</subfield>
        </datafield>
        <datafield tag="946" ind1=" " ind2=" ">
            <subfield code="a">Non-US</subfield>
        </datafield>
        <datafield tag="949" ind1=" " ind2=" ">
            <subfield code="a">2016-09-13</subfield>
        </datafield>
        <datafield tag="952" ind1=" " ind2=" ">
            <subfield code="a">20090209 20090301 00000000</subfield>
            <subfield code="b">IND LYN 2009/02/06</subfield>
        </datafield>
        <datafield tag="961" ind1=" " ind2=" ">
            <subfield code="a">USDA/FS</subfield>
        </datafield>
        <datafield tag="974" ind1=" " ind2=" ">
            <subfield code="a">agid:23363</subfield>
        </datafield>
        <datafield tag="984" ind1=" " ind2=" ">
            <subfield code="a">2009-03-01</subfield>
        </datafield>
        <datafield tag="985" ind1=" " ind2=" ">
            <subfield code="a">Converted from MARCXML to MODS version 3.4 using
                MARC21slim2MODS3-4.xsl (Revision 1.95 2014/04/23)</subfield>
        </datafield>
        <datafield tag="986" ind1=" " ind2=" ">
            <subfield code="a">4149945</subfield>
        </datafield>
    </record>