
    <record>
        <leader>05444nab a2200733 u 4500</leader>
        <controlfield tag="001">9915796442307426</controlfield>
        <controlfield tag="005">20221122002239.0</controlfield>
        <controlfield tag="008">200630e202007 xx |||||o|||||||||||eng||</controlfield>
        <datafield tag="016" ind1="7" ind2=" ">
            <subfield code="a">IND607004758</subfield>
            <subfield code="2">DNAL</subfield>
        </datafield>
        <datafield tag="024" ind1="7" ind2=" ">
            <subfield code="a">10.1111/jvs.12880</subfield>
            <subfield code="2">doi</subfield>
        </datafield>
        <datafield tag="035" ind1=" " ind2=" ">
            <subfield code="a">agid:7004758-01nal_inst</subfield>
        </datafield>
        <datafield tag="040" ind1=" " ind2=" ">
            <subfield code="a">AGL</subfield>
            <subfield code="b">eng</subfield>
            <subfield code="c">AGL</subfield>
        </datafield>
        <datafield tag="100" ind1="1" ind2=" ">
            <subfield code="a">Zambrano, Jenny</subfield>
            <subfield code="e">author</subfield>
            <subfield code="u">School of Biological Sciences, Washington State University, Pullman,
                Washington</subfield>
            <subfield code="1">https://orcid.org/0000-0002-0122-9937</subfield>
        </datafield>
        <datafield tag="245" ind1="1" ind2="4">
            <subfield code="a">The scale dependency of trait‐based tree neighborhood
                models</subfield>
        </datafield>
        <datafield tag="300" ind1=" " ind2=" ">
            <subfield code="a">p. 581-593.</subfield>
        </datafield>
        <datafield tag="500" ind1=" " ind2=" ">
            <subfield code="a">NAL-AP-2-clean</subfield>
        </datafield>
        <datafield tag="500" ind1=" " ind2=" ">
            <subfield code="a">JOURNAL ARTICLE</subfield>
        </datafield>
        <datafield tag="520" ind1=" " ind2=" ">
            <subfield code="a">QUESTIONS: We asked: (a) whether the strength of conspecific and
                heterospecific neighborhood crowding effects on focal tree survival and growth vary
                with neighborhood radii; and (b) if the relative strength of the effect of
                neighborhood interactions on tree growth and survival varies with neighborhood
                scale. LOCATION: Luquillo Forest Dynamics Plot, Puerto Rico. METHODS: We used tree
                survival and growth data and included information on species‐mean trait values
                related to several leaf traits, maximum height, seed mass and wood density. We
                incorporated a tree neighborhood modeling approach that uses an area around a focal
                tree with a specified radius, to describe the interactions between a focal tree and
                its neighbors. We constructed survival and growth models for each functional trait
                using a Bayesian approach, and varied the size of the radius from 5 m to 30 m, at
                5‐m intervals. RESULTS: The results suggested that the estimated effects of
                conspecific and heterospecific neighbors on tree performance do not vary based on
                the size of the neighborhood (5–30 m), suggesting that the effects of conspecific
                and heterospecific neighbors on the performance of a focal tree likely do not vary
                substantially beyond a neighborhood radius of 5 m in the Luquillo forest. In
                contrast, the estimated strength of the functional neighborhood (effect of neighbors
                based on their functional trait values) on tree performance was dependent on the
                neighborhood range. Our results also suggested that the effects of trait distances
                and trait hierarchies on tree survival and growth are acting simultaneously and at
                the same spatial scales. CONCLUSION: Findings from this study highlight the
                importance of spatial scale in community assembly processes, and specifically, call
                for increased attention when selecting the radius that defines the neighborhood
                around a focal tree as the selected neighborhood radius influences the community
                patterns discovered, and affects the conclusions about the drivers that control
                community assembly.</subfield>
        </datafield>
        <datafield tag="592" ind1=" " ind2=" ">
            <subfield code="a">Publisher supplied data</subfield>
        </datafield>
        <datafield tag="593" ind1=" " ind2=" ">
            <subfield code="a">PubAg article</subfield>
        </datafield>
        <datafield tag="596" ind1=" " ind2=" ">
            <subfield code="a">BSR‐8811902</subfield>
            <subfield code="c">National Science Foundation</subfield>
        </datafield>
        <datafield tag="596" ind1=" " ind2=" ">
            <subfield code="a">DBI‐1052875</subfield>
            <subfield code="c">National Science Foundation</subfield>
        </datafield>
        <datafield tag="596" ind1=" " ind2=" ">
            <subfield code="a">DEB‐0080538</subfield>
            <subfield code="c">National Science Foundation</subfield>
        </datafield>
        <datafield tag="596" ind1=" " ind2=" ">
            <subfield code="a">DEB‐0218039</subfield>
            <subfield code="c">National Science Foundation</subfield>
        </datafield>
        <datafield tag="596" ind1=" " ind2=" ">
            <subfield code="a">DEB‐0516066</subfield>
            <subfield code="c">National Science Foundation</subfield>
        </datafield>
        <datafield tag="596" ind1=" " ind2=" ">
            <subfield code="a">DEB‐0620910</subfield>
            <subfield code="c">National Science Foundation</subfield>
        </datafield>
        <datafield tag="596" ind1=" " ind2=" ">
            <subfield code="a">DEB‐0963447</subfield>
            <subfield code="c">National Science Foundation</subfield>
        </datafield>
        <datafield tag="596" ind1=" " ind2=" ">
            <subfield code="a">DEB‐9411973</subfield>
            <subfield code="c">National Science Foundation</subfield>
        </datafield>
        <datafield tag="650" ind1=" " ind2="3">
            <subfield code="a">Bayesian theory</subfield>
        </datafield>
        <datafield tag="650" ind1=" " ind2="3">
            <subfield code="a">conspecificity</subfield>
        </datafield>
        <datafield tag="650" ind1=" " ind2="3">
            <subfield code="a">forest dynamics</subfield>
        </datafield>
        <datafield tag="650" ind1=" " ind2="3">
            <subfield code="a">forests</subfield>
        </datafield>
        <datafield tag="650" ind1=" " ind2="3">
            <subfield code="a">leaves</subfield>
        </datafield>
        <datafield tag="650" ind1=" " ind2="3">
            <subfield code="a">seed weight</subfield>
        </datafield>
        <datafield tag="650" ind1=" " ind2="3">
            <subfield code="a">tree growth</subfield>
        </datafield>
        <datafield tag="650" ind1=" " ind2="3">
            <subfield code="a">trees</subfield>
        </datafield>
        <datafield tag="650" ind1=" " ind2="3">
            <subfield code="a">wood density</subfield>
        </datafield>
        <datafield tag="651" ind1=" " ind2="3">
            <subfield code="a">Puerto Rico</subfield>
        </datafield>
        <datafield tag="700" ind1="1" ind2=" ">
            <subfield code="a">Beckman, Noelle G.</subfield>
            <subfield code="e">author</subfield>
            <subfield code="u">Department of Biology and Ecology Center, Utah State University,
                Logan, Utah</subfield>
        </datafield>
        <datafield tag="700" ind1="1" ind2=" ">
            <subfield code="a">Marchand, Philippe</subfield>
            <subfield code="e">author</subfield>
            <subfield code="u">Institut de recherche sur les forêts, Université du Québec en
                Abitibi‐Témiscamingue, Rouyn‐Noranda, Quebec, Canada</subfield>
        </datafield>
        <datafield tag="700" ind1="1" ind2=" ">
            <subfield code="a">Thompson, Jill</subfield>
            <subfield code="e">author</subfield>
            <subfield code="u">UK Centre for Ecology and Hydrology, Penicuik, UK</subfield>
        </datafield>
        <datafield tag="700" ind1="1" ind2=" ">
            <subfield code="a">Uriarte, María</subfield>
            <subfield code="e">author</subfield>
            <subfield code="u">Department of Ecology, Evolution and Environmental Biology, Columbia
                University, New York, New York</subfield>
        </datafield>
        <datafield tag="700" ind1="1" ind2=" ">
            <subfield code="a">Zimmerman, Jess K.</subfield>
            <subfield code="e">author</subfield>
            <subfield code="u">Department of Environmental Science, University of Puerto Rico, Rio
                Piedras, Puerto Rico</subfield>
        </datafield>
        <datafield tag="700" ind1="1" ind2=" ">
            <subfield code="a">Umaña, María N.</subfield>
            <subfield code="e">author</subfield>
            <subfield code="u">Ecology and Evolutionary Biology, University of Michigan, Ann Arbor,
                Michigan</subfield>
            <subfield code="1">https://orcid.org/0000-0001-5876-7720</subfield>
        </datafield>
        <datafield tag="700" ind1="1" ind2=" ">
            <subfield code="a">Swenson, Nathan G.</subfield>
            <subfield code="e">author</subfield>
            <subfield code="u">Department of Biology, University of Maryland, College Park,
                Maryland</subfield>
            <subfield code="1">https://orcid.org/0000-0003-3819-9767</subfield>
        </datafield>
        <datafield tag="773" ind1="0" ind2=" ">
            <subfield code="t">Journal of vegetation science.</subfield>
            <subfield code="g">2020 July, v. 31, no. 4 p.581-593</subfield>
            <subfield code="d">John Wiley &amp; Sons, Ltd</subfield>
            <subfield code="w">Journal:jnl46820</subfield>
            <subfield code="x">1100-9233</subfield>
            <subfield code="7">nnas</subfield>
        </datafield>
        <datafield tag="787" ind1="1" ind2=" ">
            <subfield code="o">islandora_article_repository</subfield>
        </datafield>
        <datafield tag="787" ind1="1" ind2=" ">
            <subfield code="o">product_pubag</subfield>
        </datafield>
        <datafield tag="787" ind1="1" ind2=" ">
            <subfield code="o">(Journal)jnl46820</subfield>
        </datafield>
        <datafield tag="856" ind1="4" ind2="0">
            <subfield code="u">http://dx.doi.org/10.1111/jvs.12880</subfield>
            <subfield code="3">Available from publisher's site</subfield>
        </datafield>
        <datafield tag="912" ind1=" " ind2=" ">
            <subfield code="a">Article</subfield>
        </datafield>
        <datafield tag="914" ind1=" " ind2=" ">
            <subfield code="a">Journal:jnl46820</subfield>
            <subfield code="b">1100-9233</subfield>
            <subfield code="c">31</subfield>
            <subfield code="d">4</subfield>
            <subfield code="e">581</subfield>
        </datafield>
        <datafield tag="914" ind1=" " ind2=" ">
            <subfield code="f">Journal of vegetation science</subfield>
        </datafield>
        <datafield tag="916" ind1=" " ind2=" ">
            <subfield code="a">Batch:10148</subfield>
        </datafield>
        <datafield tag="917" ind1=" " ind2=" ">
            <subfield code="a">issued</subfield>
        </datafield>
        <datafield tag="918" ind1="2" ind2=" ">
            <subfield code="a">John Wiley &amp; Sons, Inc</subfield>
            <subfield code="e">provider</subfield>
            <subfield code="5">DNAL</subfield>
        </datafield>
        <datafield tag="935" ind1=" " ind2=" ">
            <subfield code="a">IND607004758</subfield>
            <subfield code="9">ExL</subfield>
        </datafield>
        <datafield tag="949" ind1=" " ind2=" ">
            <subfield code="a">2021-06-18</subfield>
        </datafield>
        <datafield tag="953" ind1=" " ind2=" ">
            <subfield code="a">/data/metadata/incoming/wiley/11009233_2020_31_4.xml</subfield>
        </datafield>
        <datafield tag="954" ind1=" " ind2=" ">
            <subfield code="a">file:/data/metadata/staging/wiley/11009233_2020_31_4.xml</subfield>
        </datafield>
        <datafield tag="955" ind1=" " ind2=" ">
            <subfield code="a">/data/metadata/staging/wiley/</subfield>
        </datafield>
        <datafield tag="974" ind1=" " ind2=" ">
            <subfield code="a">agid:7004758</subfield>
        </datafield>
        <datafield tag="983" ind1=" " ind2=" ">
            <subfield code="a">2020-06-30</subfield>
        </datafield>
        <datafield tag="984" ind1=" " ind2=" ">
            <subfield code="a">2021-06-18</subfield>
        </datafield>
    </record>