
    <record>
        <leader>02702nab a2200469 u 4500</leader>
        <controlfield tag="001">9915796601907426</controlfield>
        <controlfield tag="005">20221120143257.0</controlfield>
        <controlfield tag="008">151103e200406 xx |||||o|||||||||||eng||</controlfield>
        <datafield tag="016" ind1="7" ind2=" ">
            <subfield code="a">IND601253628</subfield>
            <subfield code="2">DNAL</subfield>
        </datafield>
        <datafield tag="024" ind1="7" ind2=" ">
            <subfield code="a">10.1646/Q1554</subfield>
            <subfield code="2">doi</subfield>
        </datafield>
        <datafield tag="035" ind1=" " ind2=" ">
            <subfield code="a">agid:1253628-01nal_inst</subfield>
        </datafield>
        <datafield tag="040" ind1=" " ind2=" ">
            <subfield code="a">AGL</subfield>
            <subfield code="b">eng</subfield>
            <subfield code="c">AGL</subfield>
        </datafield>
        <datafield tag="100" ind1="1" ind2=" ">
            <subfield code="a">Degen, Bernd</subfield>
            <subfield code="e">author</subfield>
            <subfield code="u">INRA, Campus Agronomique, BP 709, 97387––Kourou cedex, France D.O.M.
                Guyane; Tel: ++(0) 594-329290; Fax: ++(0) 594-326914;</subfield>
        </datafield>
        <datafield tag="245" ind1="1" ind2="0">
            <subfield code="a">Effects of Animal Pollination on Pollen Dispersal, Selfing, and
                Effective Population Size of Tropical Trees: A Simulation Study1</subfield>
        </datafield>
        <datafield tag="300" ind1=" " ind2=" ">
            <subfield code="a">p. 165-179.</subfield>
        </datafield>
        <datafield tag="520" ind1=" " ind2=" ">
            <subfield code="a">Animals, especially insects, are principal pollen vectors of tropical
                trees and have behavior patterns that affect gene dispersal. Here, we explore
                complex pollination systems using a new simulation model Eco-Gene and considering,
                among other factors, flowering synchrony, spatial distribution of trees, degree of
                selfing, population densities, pollinator flight distances, pollen deposition, and
                pollinator response to floral display size. Sensitivity analyses using two
                contrasting tree data sets (Jacaranda copaia and Dipteryx odorata) determined the
                importance of each parameter on three response variables: the proportion of seeds
                from self-pollination, effective population size, and pollen dispersal. Spatial
                considerations and attractiveness of floral displays were prominent features
                determining the population genetic result of pollinators, and some biological
                implications of the results are discussed.</subfield>
        </datafield>
        <datafield tag="592" ind1=" " ind2=" ">
            <subfield code="a">Publisher supplied data</subfield>
        </datafield>
        <datafield tag="653" ind1=" " ind2="0">
            <subfield code="a">Amazon</subfield>
        </datafield>
        <datafield tag="653" ind1=" " ind2="0">
            <subfield code="a">bees</subfield>
        </datafield>
        <datafield tag="653" ind1=" " ind2="0">
            <subfield code="a">Brazil</subfield>
        </datafield>
        <datafield tag="653" ind1=" " ind2="0">
            <subfield code="a">Dipteryx</subfield>
        </datafield>
        <datafield tag="653" ind1=" " ind2="0">
            <subfield code="a">Jacaranda</subfield>
        </datafield>
        <datafield tag="653" ind1=" " ind2="0">
            <subfield code="a">model</subfield>
        </datafield>
        <datafield tag="653" ind1=" " ind2="0">
            <subfield code="a">pollination</subfield>
        </datafield>
        <datafield tag="653" ind1=" " ind2="0">
            <subfield code="a">sensitivity analysis</subfield>
        </datafield>
        <datafield tag="653" ind1=" " ind2="0">
            <subfield code="a">trees</subfield>
        </datafield>
        <datafield tag="700" ind1="1" ind2=" ">
            <subfield code="a">Roubik, David W.</subfield>
            <subfield code="e">author</subfield>
            <subfield code="u">Smithsonian Tropical Research Institute, Apartado 2072 Balboa, Ancon,
                Panama; mailing address: Unit 0948, APO AA 34002-0948, U.S.A.; Tel:
                011-507-212-8000; Fax: 011-507-212-8148;</subfield>
        </datafield>
        <datafield tag="773" ind1="0" ind2=" ">
            <subfield code="t">Biotropica.</subfield>
            <subfield code="g">2004 June, v. 36, no. 2 p.165-179</subfield>
            <subfield code="d">Association for Tropical Biology</subfield>
            <subfield code="x">0006-3606</subfield>
            <subfield code="7">nnas</subfield>
        </datafield>
        <datafield tag="787" ind1="1" ind2=" ">
            <subfield code="o">islandora_article_repository</subfield>
        </datafield>
        <datafield tag="787" ind1="1" ind2=" ">
            <subfield code="o">(Journal)jnl45461</subfield>
        </datafield>
        <datafield tag="856" ind1="4" ind2="0">
            <subfield code="u">http://dx.doi.org/10.1646%2FQ1554</subfield>
            <subfield code="3">Available from publisher's site</subfield>
        </datafield>
        <datafield tag="912" ind1=" " ind2=" ">
            <subfield code="a">Article</subfield>
        </datafield>
        <datafield tag="914" ind1=" " ind2=" ">
            <subfield code="a">Journal:jnl45461</subfield>
            <subfield code="b">0006-3606</subfield>
            <subfield code="c">36</subfield>
            <subfield code="d">2</subfield>
            <subfield code="e">165</subfield>
        </datafield>
        <datafield tag="914" ind1=" " ind2=" ">
            <subfield code="f">Biotropica</subfield>
        </datafield>
        <datafield tag="917" ind1=" " ind2=" ">
            <subfield code="a">hold</subfield>
        </datafield>
        <datafield tag="918" ind1="2" ind2=" ">
            <subfield code="a">BioOne</subfield>
            <subfield code="e">provider</subfield>
            <subfield code="5">DNAL</subfield>
        </datafield>
        <datafield tag="935" ind1=" " ind2=" ">
            <subfield code="a">IND601253628</subfield>
            <subfield code="9">ExL</subfield>
        </datafield>
        <datafield tag="953" ind1=" " ind2=" ">
            <subfield code="a">BITRv36i2-04281403-170227.zip</subfield>
        </datafield>
        <datafield tag="962" ind1=" " ind2=" ">
            <subfield code="a">Original journal title in upper case</subfield>
        </datafield>
        <datafield tag="974" ind1=" " ind2=" ">
            <subfield code="a">agid:1253628</subfield>
        </datafield>
        <datafield tag="983" ind1=" " ind2=" ">
            <subfield code="a">2015-11-03</subfield>
        </datafield>
        <datafield tag="984" ind1=" " ind2=" ">
            <subfield code="a">2015-11-03</subfield>
        </datafield>
    </record>