
    <record>
        <leader>05235nab a2200529 u 4500</leader>
        <controlfield tag="001">9915796607507426</controlfield>
        <controlfield tag="005">20221120153611.0</controlfield>
        <controlfield tag="008">151103e200406 xx |||||o|||||||||||eng||</controlfield>
        <datafield tag="016" ind1="7" ind2=" ">
            <subfield code="a">IND601253632</subfield>
            <subfield code="2">DNAL</subfield>
        </datafield>
        <datafield tag="024" ind1="7" ind2=" ">
            <subfield code="a">10.1646/Q1571</subfield>
            <subfield code="2">doi</subfield>
        </datafield>
        <datafield tag="035" ind1=" " ind2=" ">
            <subfield code="a">agid:1253632-01nal_inst</subfield>
        </datafield>
        <datafield tag="040" ind1=" " ind2=" ">
            <subfield code="a">AGL</subfield>
            <subfield code="b">eng</subfield>
            <subfield code="c">AGL</subfield>
        </datafield>
        <datafield tag="100" ind1="1" ind2=" ">
            <subfield code="a">Quesada, Mauricio</subfield>
            <subfield code="e">author</subfield>
            <subfield code="u">Centro de Investigaciones en Ecosistemas, Universidad Nacional
                Autóónoma de Mééxico, Apartado Postal 27-3 (Xangari), Morelia, Michoacáán, Mééxico
                58089</subfield>
        </datafield>
        <datafield tag="245" ind1="1" ind2="0">
            <subfield code="a">Effects of Forest Fragmentation on Pollinator Activity and
                Consequences for Plant Reproductive Success and Mating Patterns in Bat-pollinated
                Bombacaceous Trees1</subfield>
        </datafield>
        <datafield tag="300" ind1=" " ind2=" ">
            <subfield code="a">p. 131-138.</subfield>
        </datafield>
        <datafield tag="520" ind1=" " ind2=" ">
            <subfield code="a">Forest fragmentation and the resulting spatial isolation of tree
                species can modify the activity of pollinators and may have important implications
                for the reproductive success and mating systems of the plants they pollinate. The
                objectives of this study were to (1) evaluate the effect of forest fragmentation on
                pollinator activity in bat-pollinated bombacaceous trees and (2) determine the
                effects of forest fragmentation on reproductive success and mating systems of
                bombacaceous trees. We studied these parameters in three bombacaceous tree species
                in tropical seasonal forest of Chamela, Jalisco, Mexico, and Osa and Guanacaste,
                Costa Rica. For Ceiba aesculifolia, more visits were observed in fragments by both
                Glossophaga soricina and Leptonycteris curasoae. For Ceiba grandiflora, Musonycteris
                harrisoni visited flowers exclusively in forest and G. soricina visited more flowers
                in forest than in fragments; no difference was shown by L. curasoae. For Ceiba
                pentandra in Chamela, no differences were found in visitation by G. soricina between
                forest and fragments; L. curasoae visited significantly more flowers in forest.
                Ceiba pentandra received more visits by Phyllostomus discolor than G. soricina in
                Guanacaste, whereas no bat visitors were observed in Osa. Total mean flower
                production was greater in fragments than forest for C. aesculifolia, whereas no
                difference was observed for C. grandiflora. Fruit set was greater in forest than in
                fragments for C. grandiflora, whereas no difference was observed for C.
                aesculifolia. Outcrossing rates were high for C. aesculifolia and C. grandiflora in
                Chamela, and for C. pentandra in Guanacaste, independent of tree habitat, while C.
                pentandra in Osa showed a mixed-mating system. The effects of forest fragmentation
                on bat pollinators, plant reproductive success, and mating patterns varied depending
                upon the bombacaceous species. This variability was associated with the effects that
                forest fragmentation may have on differences in flowering patterns, bat foraging
                behavior, and plant self-incompatibility systems.</subfield>
        </datafield>
        <datafield tag="592" ind1=" " ind2=" ">
            <subfield code="a">Publisher supplied data</subfield>
        </datafield>
        <datafield tag="653" ind1=" " ind2="0">
            <subfield code="a">Bombacaceae</subfield>
        </datafield>
        <datafield tag="653" ind1=" " ind2="0">
            <subfield code="a">Chamela––Cuixmala Biosphere Reserve</subfield>
        </datafield>
        <datafield tag="653" ind1=" " ind2="0">
            <subfield code="a">fragmentation</subfield>
        </datafield>
        <datafield tag="653" ind1=" " ind2="0">
            <subfield code="a">Guanacaste</subfield>
        </datafield>
        <datafield tag="653" ind1=" " ind2="0">
            <subfield code="a">outcrossing rates</subfield>
        </datafield>
        <datafield tag="653" ind1=" " ind2="0">
            <subfield code="a">nectarivorous bats</subfield>
        </datafield>
        <datafield tag="653" ind1=" " ind2="0">
            <subfield code="a">plant reproductive success</subfield>
        </datafield>
        <datafield tag="653" ind1=" " ind2="0">
            <subfield code="a">tropical dry forest</subfield>
        </datafield>
        <datafield tag="700" ind1="1" ind2=" ">
            <subfield code="a">Stoner, Kathryn E.</subfield>
            <subfield code="e">author</subfield>
            <subfield code="u">Centro de Investigaciones en Ecosistemas, Universidad Nacional
                Autóónoma de Mééxico, Apartado Postal 27-3 (Xangari), Morelia, Michoacáán, Mééxico
                58089</subfield>
        </datafield>
        <datafield tag="700" ind1="1" ind2=" ">
            <subfield code="a">Lobo, Jorge A.</subfield>
            <subfield code="e">author</subfield>
            <subfield code="u">Centro de Investigaciones en Ecosistemas, Universidad Nacional
                Autóónoma de Mééxico, Apartado Postal 27-3 (Xangari), Morelia, Michoacáán, Mééxico
                58089</subfield>
        </datafield>
        <datafield tag="700" ind1="1" ind2=" ">
            <subfield code="a">Herreríías-Diego, Yvonne</subfield>
            <subfield code="e">author</subfield>
            <subfield code="u">Centro de Investigaciones en Ecosistemas, Universidad Nacional
                Autóónoma de Mééxico, Apartado Postal 27-3 (Xangari), Morelia, Michoacáán, Mééxico
                58089</subfield>
        </datafield>
        <datafield tag="700" ind1="1" ind2=" ">
            <subfield code="a">Palacios- Guevara, Carolina</subfield>
            <subfield code="e">author</subfield>
            <subfield code="u">Centro de Investigaciones en Ecosistemas, Universidad Nacional
                Autóónoma de Mééxico, Apartado Postal 27-3 (Xangari), Morelia, Michoacáán, Mééxico
                58089</subfield>
        </datafield>
        <datafield tag="700" ind1="1" ind2=" ">
            <subfield code="a">Munguíía-Rosas, Miguel A.</subfield>
            <subfield code="e">author</subfield>
            <subfield code="u">Centro de Investigaciones en Ecosistemas, Universidad Nacional
                Autóónoma de Mééxico, Apartado Postal 27-3 (Xangari), Morelia, Michoacáán, Mééxico
                58089</subfield>
        </datafield>
        <datafield tag="700" ind1="1" ind2=" ">
            <subfield code="a">O.-Salazar, Karla A.</subfield>
            <subfield code="e">author</subfield>
            <subfield code="u">Centro de Investigaciones en Ecosistemas, Universidad Nacional
                Autóónoma de Mééxico, Apartado Postal 27-3 (Xangari), Morelia, Michoacáán, Mééxico
                58089</subfield>
        </datafield>
        <datafield tag="700" ind1="1" ind2=" ">
            <subfield code="a">Rosas-Guerrero, Vííctor</subfield>
            <subfield code="e">author</subfield>
            <subfield code="u">Centro de Investigaciones en Ecosistemas, Universidad Nacional
                Autóónoma de Mééxico, Apartado Postal 27-3 (Xangari), Morelia, Michoacáán, Mééxico
                58089</subfield>
        </datafield>
        <datafield tag="773" ind1="0" ind2=" ">
            <subfield code="t">Biotropica.</subfield>
            <subfield code="g">2004 June, v. 36, no. 2 p.131-138</subfield>
            <subfield code="d">Association for Tropical Biology</subfield>
            <subfield code="x">0006-3606</subfield>
            <subfield code="7">nnas</subfield>
        </datafield>
        <datafield tag="787" ind1="1" ind2=" ">
            <subfield code="o">islandora_article_repository</subfield>
        </datafield>
        <datafield tag="787" ind1="1" ind2=" ">
            <subfield code="o">(Journal)jnl45461</subfield>
        </datafield>
        <datafield tag="856" ind1="4" ind2="0">
            <subfield code="u">http://dx.doi.org/10.1646%2FQ1571</subfield>
            <subfield code="3">Available from publisher's site</subfield>
        </datafield>
        <datafield tag="912" ind1=" " ind2=" ">
            <subfield code="a">Article</subfield>
        </datafield>
        <datafield tag="914" ind1=" " ind2=" ">
            <subfield code="a">Journal:jnl45461</subfield>
            <subfield code="b">0006-3606</subfield>
            <subfield code="c">36</subfield>
            <subfield code="d">2</subfield>
            <subfield code="e">131</subfield>
        </datafield>
        <datafield tag="914" ind1=" " ind2=" ">
            <subfield code="f">Biotropica</subfield>
        </datafield>
        <datafield tag="917" ind1=" " ind2=" ">
            <subfield code="a">hold</subfield>
        </datafield>
        <datafield tag="918" ind1="2" ind2=" ">
            <subfield code="a">BioOne</subfield>
            <subfield code="e">provider</subfield>
            <subfield code="5">DNAL</subfield>
        </datafield>
        <datafield tag="935" ind1=" " ind2=" ">
            <subfield code="a">IND601253632</subfield>
            <subfield code="9">ExL</subfield>
        </datafield>
        <datafield tag="953" ind1=" " ind2=" ">
            <subfield code="a">BITRv36i2-04281403-170227.zip</subfield>
        </datafield>
        <datafield tag="962" ind1=" " ind2=" ">
            <subfield code="a">Original journal title in upper case</subfield>
        </datafield>
        <datafield tag="974" ind1=" " ind2=" ">
            <subfield code="a">agid:1253632</subfield>
        </datafield>
        <datafield tag="983" ind1=" " ind2=" ">
            <subfield code="a">2015-11-03</subfield>
        </datafield>
        <datafield tag="984" ind1=" " ind2=" ">
            <subfield code="a">2015-11-03</subfield>
        </datafield>
    </record>