
    <record>
        <leader>05169nab a2200721 u 4500</leader>
        <controlfield tag="001">9915796808707426</controlfield>
        <controlfield tag="005">20221121230752.0</controlfield>
        <controlfield tag="008">190923e20190901xx |||||o|||||||||||eng||</controlfield>
        <datafield tag="016" ind1="7" ind2=" ">
            <subfield code="a">IND606449278</subfield>
            <subfield code="2">DNAL</subfield>
        </datafield>
        <datafield tag="024" ind1="7" ind2=" ">
            <subfield code="a">10.1016/j.geomorph.2019.05.005</subfield>
            <subfield code="2">doi</subfield>
        </datafield>
        <datafield tag="035" ind1=" " ind2=" ">
            <subfield code="a">agid:6449278-01nal_inst</subfield>
        </datafield>
        <datafield tag="040" ind1=" " ind2=" ">
            <subfield code="a">AGL</subfield>
            <subfield code="b">eng</subfield>
            <subfield code="c">AGL</subfield>
        </datafield>
        <datafield tag="100" ind1="1" ind2=" ">
            <subfield code="a">Mainieri, Robin</subfield>
            <subfield code="e">author</subfield>
            <subfield code="u">Univ. Grenoble Alpes, Irstea, UR LESSEM, 2 rue de la Papeterie-BP 76,
                F-38402 St-Martin-d'Hères, France</subfield>
            <subfield code="1">https://orcid.org/0000-0001-7184-1876</subfield>
        </datafield>
        <datafield tag="245" ind1="1" ind2="0">
            <subfield code="a">Assessment of the recurrence intervals of rockfall through
                dendrogeomorphology and counting scar approach: A comparative study in a mixed
                forest stand from the Vercors massif (French Alps)</subfield>
        </datafield>
        <datafield tag="300" ind1=" " ind2=" ">
            <subfield code="a">p. 160-171.</subfield>
        </datafield>
        <datafield tag="520" ind1=" " ind2=" ">
            <subfield code="a">As direct observations of rockfalls are rare and difficult to obtain
                over long timescales, stem injuries and their dating with dendrogeomorphic
                techniques have been applied frequently in the past to reconstruct process activity.
                However, the analysis of tree-ring samples requires considerable temporal efforts,
                which can be detrimental in applied research and expert opinions. To compensate for
                this shortcoming, several studies have lately explored the potential of the counting
                of visible scars as an alternative method to dendrogeomorphology as it requires much
                less time and human efforts to reconstruct spatial patterns of rockfall activity.
                Yet, to date, both approaches have not been compared at the same site. In this
                paper, based on the extensive analysis of 278 conifer and broadleaved trees (from
                which 1097 tree-ring cores were extracted) from a mixed forest plot of the Vercors
                Massif (French Alps), we demonstrate that both methods provide similar spatial
                patterns of rockfall activity with a strong increase of recurrence intervals down
                the talus slope and a clear lateral zonation of activity. Despite this apparent
                convergence between both approaches, our study also evidences that rockfall
                frequencies strongly differ with tree species and diameter: the visual inspection of
                conifer stems and the analysis of tree-ring signals in large-diameter broadleaved
                trees typically lead to an overestimation of recurrence intervals. Based on these
                findings, we recommend giving priority to the scar-counting approach on small
                diameter (&lt;15 cm) broadleaved stems and to restrict tree-ring analysis to old
                conifers that are more susceptible – through the identification of tangential rows
                of traumatic resin ducts – to provide reliable estimations of long recurrence
                intervals (as generally observed in the lower portions of the slope). These
                guidelines should help to improve the reliability of recurrence interval maps of
                rockfall process activity in forests further, but also to improve cost-benefit
                ratios of future studies.</subfield>
        </datafield>
        <datafield tag="592" ind1=" " ind2=" ">
            <subfield code="a">Publisher supplied data</subfield>
        </datafield>
        <datafield tag="593" ind1=" " ind2=" ">
            <subfield code="a">PubAg article</subfield>
        </datafield>
        <datafield tag="650" ind1=" " ind2="3">
            <subfield code="a">applied research</subfield>
        </datafield>
        <datafield tag="650" ind1=" " ind2="3">
            <subfield code="a">broadleaved trees</subfield>
        </datafield>
        <datafield tag="650" ind1=" " ind2="3">
            <subfield code="a">conifers</subfield>
        </datafield>
        <datafield tag="650" ind1=" " ind2="3">
            <subfield code="a">cost benefit analysis</subfield>
        </datafield>
        <datafield tag="650" ind1=" " ind2="3">
            <subfield code="a">dendroclimatology</subfield>
        </datafield>
        <datafield tag="650" ind1=" " ind2="3">
            <subfield code="a">expert opinion</subfield>
        </datafield>
        <datafield tag="650" ind1=" " ind2="3">
            <subfield code="a">forest stands</subfield>
        </datafield>
        <datafield tag="650" ind1=" " ind2="3">
            <subfield code="a">geomorphology</subfield>
        </datafield>
        <datafield tag="650" ind1=" " ind2="3">
            <subfield code="a">growth rings</subfield>
        </datafield>
        <datafield tag="650" ind1=" " ind2="3">
            <subfield code="a">guidelines</subfield>
        </datafield>
        <datafield tag="650" ind1=" " ind2="3">
            <subfield code="a">mixed forests</subfield>
        </datafield>
        <datafield tag="650" ind1=" " ind2="3">
            <subfield code="a">resin canals</subfield>
        </datafield>
        <datafield tag="650" ind1=" " ind2="3">
            <subfield code="a">rockfalls</subfield>
        </datafield>
        <datafield tag="650" ind1=" " ind2="3">
            <subfield code="a">stems</subfield>
        </datafield>
        <datafield tag="650" ind1=" " ind2="3">
            <subfield code="a">talus</subfield>
        </datafield>
        <datafield tag="651" ind1=" " ind2="3">
            <subfield code="a">Alps region</subfield>
        </datafield>
        <datafield tag="651" ind1=" " ind2="3">
            <subfield code="a">France</subfield>
        </datafield>
        <datafield tag="653" ind1=" " ind2="0">
            <subfield code="a">Rockfalls</subfield>
        </datafield>
        <datafield tag="653" ind1=" " ind2="0">
            <subfield code="a">Recurrence interval</subfield>
        </datafield>
        <datafield tag="653" ind1=" " ind2="0">
            <subfield code="a">Tree-ring analyses</subfield>
        </datafield>
        <datafield tag="653" ind1=" " ind2="0">
            <subfield code="a">French Alps</subfield>
        </datafield>
        <datafield tag="700" ind1="1" ind2=" ">
            <subfield code="a">Lopez-Saez, Jérôme</subfield>
            <subfield code="e">author</subfield>
            <subfield code="u">Institut des Sciences de l'Environnement – Université de Genève, 66
                bd Carl Vogt, CH-1205 Genève, Switzerland</subfield>
        </datafield>
        <datafield tag="700" ind1="1" ind2=" ">
            <subfield code="a">Corona, Christophe</subfield>
            <subfield code="e">author</subfield>
            <subfield code="u">GEOLAB, UMR6042 CNRS, Université Blaise Pascal, Maison des sciences
                de l'homme, 63057 Clermont-Ferrand Cedex 2, France</subfield>
        </datafield>
        <datafield tag="700" ind1="1" ind2=" ">
            <subfield code="a">Stoffel, Markus</subfield>
            <subfield code="e">author</subfield>
            <subfield code="u">Institut des Sciences de l'Environnement – Université de Genève, 66
                bd Carl Vogt, CH-1205 Genève, Switzerland</subfield>
            <subfield code="1">https://orcid.org/0000-0003-0816-1303</subfield>
        </datafield>
        <datafield tag="700" ind1="1" ind2=" ">
            <subfield code="a">Bourrier, Franck</subfield>
            <subfield code="e">author</subfield>
            <subfield code="u">Univ. Grenoble Alpes, Irstea, UR LESSEM, 2 rue de la Papeterie-BP 76,
                F-38402 St-Martin-d'Hères, France</subfield>
        </datafield>
        <datafield tag="700" ind1="1" ind2=" ">
            <subfield code="a">Eckert, Nicolas</subfield>
            <subfield code="e">author</subfield>
            <subfield code="u">Univ. Grenoble Alpes, Irstea, UR ETGR, 2 rue de la Papeterie-BP 76,
                F-38402 St-Martin-d'Hères, France</subfield>
        </datafield>
        <datafield tag="773" ind1="0" ind2=" ">
            <subfield code="t">Geomorphology.</subfield>
            <subfield code="g">2019 Sept. 01, v. 340 p.160-171</subfield>
            <subfield code="d">Elsevier B.V.</subfield>
            <subfield code="w">Journal:12407</subfield>
            <subfield code="x">0169-555X</subfield>
            <subfield code="7">nnas</subfield>
        </datafield>
        <datafield tag="787" ind1="1" ind2=" ">
            <subfield code="o">islandora_article_repository</subfield>
        </datafield>
        <datafield tag="787" ind1="1" ind2=" ">
            <subfield code="o">product_pubag</subfield>
        </datafield>
        <datafield tag="787" ind1="1" ind2=" ">
            <subfield code="o">(Journal)12407</subfield>
        </datafield>
        <datafield tag="856" ind1="4" ind2="0">
            <subfield code="u">https://dx.doi.org/10.1016/j.geomorph.2019.05.005</subfield>
            <subfield code="3">Available from publisher's site</subfield>
        </datafield>
        <datafield tag="912" ind1=" " ind2=" ">
            <subfield code="a">Article</subfield>
        </datafield>
        <datafield tag="914" ind1=" " ind2=" ">
            <subfield code="a">Journal:12407</subfield>
            <subfield code="b">0169-555X</subfield>
        </datafield>
        <datafield tag="914" ind1=" " ind2=" ">
            <subfield code="f">Geomorphology</subfield>
        </datafield>
        <datafield tag="916" ind1=" " ind2=" ">
            <subfield code="a">Batch:2238</subfield>
        </datafield>
        <datafield tag="917" ind1=" " ind2=" ">
            <subfield code="a">issued</subfield>
        </datafield>
        <datafield tag="918" ind1="2" ind2=" ">
            <subfield code="a">Elsevier Consyn</subfield>
            <subfield code="e">provider</subfield>
            <subfield code="5">DNAL</subfield>
        </datafield>
        <datafield tag="935" ind1=" " ind2=" ">
            <subfield code="a">IND606449278</subfield>
            <subfield code="9">ExL</subfield>
        </datafield>
        <datafield tag="949" ind1=" " ind2=" ">
            <subfield code="a">2019-09-23</subfield>
        </datafield>
        <datafield tag="953" ind1=" " ind2=" ">
            <subfield code="a">/data/metadata/incoming/consyn/429675872300540711-00001-HEAD-ONLY-NEW
                CONSYN ISSNS.zip</subfield>
        </datafield>
        <datafield tag="954" ind1=" " ind2=" ">
            <subfield code="a">file:/data/metadata/staging/consyn/S0169555X19302016.xml</subfield>
        </datafield>
        <datafield tag="955" ind1=" " ind2=" ">
            <subfield code="a">/data/metadata/staging/consyn/</subfield>
        </datafield>
        <datafield tag="974" ind1=" " ind2=" ">
            <subfield code="a">agid:6449278</subfield>
        </datafield>
        <datafield tag="983" ind1=" " ind2=" ">
            <subfield code="a">2019-09-23</subfield>
        </datafield>
        <datafield tag="984" ind1=" " ind2=" ">
            <subfield code="a">2019-09-23</subfield>
        </datafield>
    </record>