
    <record>
        <leader>04101nab a2200697 u 4500</leader>
        <controlfield tag="001">9915796955107426</controlfield>
        <controlfield tag="005">20221123022114.0</controlfield>
        <controlfield tag="008">130325e201304 xx |||||o|||||||||||eng||</controlfield>
        <datafield tag="016" ind1="7" ind2=" ">
            <subfield code="a">IND500635358</subfield>
            <subfield code="2">DNAL</subfield>
        </datafield>
        <datafield tag="024" ind1="7" ind2=" ">
            <subfield code="a">22828979</subfield>
            <subfield code="2">pmid</subfield>
        </datafield>
        <datafield tag="024" ind1="7" ind2=" ">
            <subfield code="a">10.1007/s10661-012-2792-9</subfield>
            <subfield code="2">doi</subfield>
        </datafield>
        <datafield tag="035" ind1=" " ind2=" ">
            <subfield code="a">agid:578655-01nal_inst</subfield>
        </datafield>
        <datafield tag="040" ind1=" " ind2=" ">
            <subfield code="a">AGL</subfield>
            <subfield code="b">eng</subfield>
            <subfield code="c">AGL</subfield>
        </datafield>
        <datafield tag="100" ind1="1" ind2=" ">
            <subfield code="a">Sharma, Richa</subfield>
            <subfield code="e">author</subfield>
            <subfield code="u">TERI University, New Delhi, India, 110070, </subfield>
        </datafield>
        <datafield tag="245" ind1="1" ind2="0">
            <subfield code="a">Spatio-temporal footprints of urbanisation in Surat, the Diamond City
                of India (1990–2009)</subfield>
        </datafield>
        <datafield tag="300" ind1=" " ind2=" ">
            <subfield code="a">p. 3313-3325.</subfield>
        </datafield>
        <datafield tag="520" ind1=" " ind2=" ">
            <subfield code="a">Urbanisation is a ubiquitous phenomenon with greater prominence in
                developing nations. Urban expansion involves land conversions from vegetated
                moisture-rich to impervious moisture-deficient land surfaces. The urban land
                transformations alter biophysical parameters in a mode that promotes development of
                heat islands and degrades environmental health. This study elaborates relationships
                among various environmental variables using remote sensing dataset to study
                spatio-temporal footprint of urbanisation in Surat city. Landsat Thematic Mapper
                satellite data were used in conjugation with geo-spatial techniques to study
                urbanisation and correlation among various satellite-derived biophysical parameters,
                [Normalised Difference Vegetation Index, Normalised Difference Built-up Index,
                Normalised Difference Water Index, Normalised Difference Bareness Index, Modified
                NDWI and land surface temperature (LST)]. Land use land cover was prepared using
                hierarchical decision tree classification with an accuracy of 90.4 % (kappa = 0.88)
                for 1990 and 85 % (kappa = 0.81) for 2009. It was found that the city has expanded
                over 42.75 km² within a decade, and these changes resulted in elevated surface
                temperatures. For example, transformation from vegetation to built-up has resulted
                in 5.5 ± 2.6 °C increase in land surface temperature, vegetation to fallow
                6.7 ± 3 °C, fallow to built-up is 3.5 ± 2.9 °C and built-up to dense built-up is
                5.3 ± 2.8 °C. Directional profiling for LST was done to study spatial patterns of
                LST in and around Surat city. Emergence of two new LST peaks for 2009 was observed
                in N–S and NE–SW profiles.</subfield>
        </datafield>
        <datafield tag="592" ind1=" " ind2=" ">
            <subfield code="a">Publisher supplied data</subfield>
        </datafield>
        <datafield tag="593" ind1=" " ind2=" ">
            <subfield code="a">PubAg article</subfield>
        </datafield>
        <datafield tag="650" ind1=" " ind2="3">
            <subfield code="a">cities</subfield>
        </datafield>
        <datafield tag="650" ind1=" " ind2="3">
            <subfield code="a">classification</subfield>
        </datafield>
        <datafield tag="650" ind1=" " ind2="3">
            <subfield code="a">decision support systems</subfield>
        </datafield>
        <datafield tag="650" ind1=" " ind2="3">
            <subfield code="a">developing countries</subfield>
        </datafield>
        <datafield tag="650" ind1=" " ind2="3">
            <subfield code="a">environmental factors</subfield>
        </datafield>
        <datafield tag="650" ind1=" " ind2="3">
            <subfield code="a">fallow</subfield>
        </datafield>
        <datafield tag="650" ind1=" " ind2="3">
            <subfield code="a">land cover</subfield>
        </datafield>
        <datafield tag="650" ind1=" " ind2="3">
            <subfield code="a">land use change</subfield>
        </datafield>
        <datafield tag="650" ind1=" " ind2="3">
            <subfield code="a">remote sensing</subfield>
        </datafield>
        <datafield tag="650" ind1=" " ind2="3">
            <subfield code="a">surface temperature</subfield>
        </datafield>
        <datafield tag="650" ind1=" " ind2="3">
            <subfield code="a">urbanization</subfield>
        </datafield>
        <datafield tag="650" ind1=" " ind2="3">
            <subfield code="a">vegetation</subfield>
        </datafield>
        <datafield tag="650" ind1=" " ind2="2">
            <subfield code="a">Cities</subfield>
            <subfield code="x">statistics &amp; numerical data</subfield>
        </datafield>
        <datafield tag="650" ind1=" " ind2="2">
            <subfield code="a">Environmental Monitoring</subfield>
            <subfield code="x">methods</subfield>
        </datafield>
        <datafield tag="650" ind1=" " ind2="2">
            <subfield code="a">Remote Sensing Technology</subfield>
        </datafield>
        <datafield tag="650" ind1=" " ind2="2">
            <subfield code="a">Spacecraft</subfield>
        </datafield>
        <datafield tag="650" ind1=" " ind2="2">
            <subfield code="a">Spatio-Temporal Analysis</subfield>
        </datafield>
        <datafield tag="650" ind1=" " ind2="2">
            <subfield code="a">Temperature</subfield>
        </datafield>
        <datafield tag="650" ind1=" " ind2="2">
            <subfield code="a">Urbanization</subfield>
            <subfield code="x">trends</subfield>
        </datafield>
        <datafield tag="651" ind1=" " ind2="3">
            <subfield code="a">India</subfield>
        </datafield>
        <datafield tag="651" ind1=" " ind2="0">
            <subfield code="a">India</subfield>
        </datafield>
        <datafield tag="700" ind1="1" ind2=" ">
            <subfield code="a">Ghosh, Aniruddha</subfield>
            <subfield code="e">author</subfield>
        </datafield>
        <datafield tag="700" ind1="1" ind2=" ">
            <subfield code="a">Joshi, Pawan Kumar</subfield>
            <subfield code="e">author</subfield>
        </datafield>
        <datafield tag="773" ind1="0" ind2=" ">
            <subfield code="t">Environmental monitoring and assessment.</subfield>
            <subfield code="g">2013 Apr., v. 185, no. 4 p.3313-3325</subfield>
            <subfield code="d">Springer-Verlag</subfield>
            <subfield code="x">0167-6369</subfield>
            <subfield code="7">nnas</subfield>
        </datafield>
        <datafield tag="787" ind1="1" ind2=" ">
            <subfield code="o">islandora_article_repository</subfield>
        </datafield>
        <datafield tag="787" ind1="1" ind2=" ">
            <subfield code="o">product_pubag</subfield>
        </datafield>
        <datafield tag="787" ind1="1" ind2=" ">
            <subfield code="o">(Journal)jnl33242</subfield>
        </datafield>
        <datafield tag="856" ind1="4" ind2="0">
            <subfield code="u">http://dx.doi.org/10.1007/s10661-012-2792-9</subfield>
        </datafield>
        <datafield tag="912" ind1=" " ind2=" ">
            <subfield code="a">Article</subfield>
        </datafield>
        <datafield tag="914" ind1=" " ind2=" ">
            <subfield code="a">Journal:jnl33242</subfield>
            <subfield code="b">0167-6369</subfield>
            <subfield code="c">185</subfield>
            <subfield code="d">4</subfield>
            <subfield code="e">3313</subfield>
        </datafield>
        <datafield tag="914" ind1=" " ind2=" ">
            <subfield code="f">Environmental monitoring and assessment</subfield>
        </datafield>
        <datafield tag="917" ind1=" " ind2=" ">
            <subfield code="a">issued</subfield>
        </datafield>
        <datafield tag="918" ind1="2" ind2=" ">
            <subfield code="a">Springer</subfield>
            <subfield code="e">provider</subfield>
            <subfield code="5">DNAL</subfield>
        </datafield>
        <datafield tag="935" ind1=" " ind2=" ">
            <subfield code="a">IND500635358</subfield>
            <subfield code="9">ExL</subfield>
        </datafield>
        <datafield tag="949" ind1=" " ind2=" ">
            <subfield code="a">2013-04-25</subfield>
        </datafield>
        <datafield tag="951" ind1=" " ind2=" ">
            <subfield code="a">2013-03-24</subfield>
        </datafield>
        <datafield tag="953" ind1=" " ind2=" ">
            <subfield code="a">ftp_PUB_13-03-01_19-06-10.zip</subfield>
        </datafield>
        <datafield tag="962" ind1=" " ind2=" ">
            <subfield code="a">Journal title changed from 'Environ Monit Assess'</subfield>
        </datafield>
        <datafield tag="962" ind1=" " ind2=" ">
            <subfield code="a">Batch:192 annotated on 2013-04-19T13:57:07Z</subfield>
        </datafield>
        <datafield tag="962" ind1=" " ind2=" ">
            <subfield code="a">Batch:192 reviewed on 2013-04-25T16:00:02Z</subfield>
        </datafield>
        <datafield tag="962" ind1=" " ind2=" ">
            <subfield code="a">Batch:192 reviewed on 2013-04-25T18:00:02Z</subfield>
        </datafield>
        <datafield tag="974" ind1=" " ind2=" ">
            <subfield code="a">agid:578655</subfield>
        </datafield>
    </record>