
    <record>
        <leader>04414nab a2200613 u 4500</leader>
        <controlfield tag="001">9915797027507426</controlfield>
        <controlfield tag="005">20221122233037.0</controlfield>
        <controlfield tag="008">120525e201206 xx |||||o|||||||||||eng||</controlfield>
        <datafield tag="016" ind1="7" ind2=" ">
            <subfield code="a">IND44650129</subfield>
            <subfield code="2">DNAL</subfield>
        </datafield>
        <datafield tag="024" ind1="7" ind2=" ">
            <subfield code="a">10.1111/j.1442-9993.2011.02308.x</subfield>
            <subfield code="2">doi</subfield>
        </datafield>
        <datafield tag="035" ind1=" " ind2=" ">
            <subfield code="a">agid:578576-01nal_inst</subfield>
        </datafield>
        <datafield tag="040" ind1=" " ind2=" ">
            <subfield code="a">AGL</subfield>
            <subfield code="b">eng</subfield>
            <subfield code="c">AGL</subfield>
        </datafield>
        <datafield tag="100" ind1="1" ind2=" ">
            <subfield code="a">LLOYD, HUW</subfield>
            <subfield code="e">author</subfield>
            <subfield code="u"> Field Biology Station, School of Biology, Newcastle University,
                Newcastle upon Tyne Division of Biology and Conservation Ecology, School of Science
                and the Environment, Manchester Metropolitan University, Manchester, UK Laboratory
                for Biodiversity Studies, Cayetano Heredia University (LEB‐UPCH), Lima,
                Peru</subfield>
        </datafield>
        <datafield tag="245" ind1="1" ind2="0">
            <subfield code="a">Bird community composition across an Andean tree‐line
                ecotone</subfield>
        </datafield>
        <datafield tag="300" ind1=" " ind2=" ">
            <subfield code="a">p. 470-478.</subfield>
        </datafield>
        <datafield tag="500" ind1=" " ind2=" ">
            <subfield code="a">2019-12-06</subfield>
        </datafield>
        <datafield tag="520" ind1=" " ind2=" ">
            <subfield code="a">Few studies have found strong evidence to suggest that ecotones
                promote species richness and diversity. In this study we examine the responses of a
                high‐Andean bird community to changes in vegetation and topographical
                characteristics across an Andean tree‐line ecotone and adjacent cloud forest and
                puna grassland vegetation in southern Peru. Over a 6‐month period, birds and
                vegetation were surveyed using a 100 m fixed‐width Distance Sampling point count
                method. Vegetation analyses revealed that the tree‐line ecotone represented a
                distinctive high‐Andean vegetation community that was easily differentiated from the
                adjacent cloud forest and puna grassland based on changes in tree‐size
                characteristics and vegetation cover. Bird community composition was strongly
                seasonal and influenced by a pool of bird species from a wider elevational gradient.
                There were also clear differences in bird community measures between tree‐line
                vegetation, cloud forest and puna grassland with species turnover (β‐diversity) most
                pronounced at the tree‐line. Canonical Correspondence Analysis revealed that the
                majority of the 81 bird species were associated with tree‐line vegetation.
                Categorizing patterns of relative abundance of the 42 most common species revealed
                that the tree‐line ecotone was composed primarily of cloud forest specialists and
                habitat generalists, with very few species from the puna grassland. Only two
                species, Thlypopsis ruficeps and Anairetes parulus, both widespread Andean species
                more typical of montane woodland vegetation edges, were categorized as ecotone
                specialists. However, our findings were influenced by significant differences in
                species detectability between all three vegetation communities. Our study highlights
                the importance of examining ecotones at an appropriate spatial and temporal scale.
                Selecting a suitable distance between sampling points based on the detection
                probabilities of the target bird species is essential to obtain an unbiased picture
                of how ecotones influence avian richness and diversity.</subfield>
        </datafield>
        <datafield tag="592" ind1=" " ind2=" ">
            <subfield code="a">Publisher supplied data</subfield>
        </datafield>
        <datafield tag="593" ind1=" " ind2=" ">
            <subfield code="a">PubAg article</subfield>
        </datafield>
        <datafield tag="650" ind1=" " ind2="3">
            <subfield code="a">interspecific variation</subfield>
        </datafield>
        <datafield tag="650" ind1=" " ind2="3">
            <subfield code="a">tropical montane cloud forests</subfield>
        </datafield>
        <datafield tag="650" ind1=" " ind2="3">
            <subfield code="a">animal ecology</subfield>
        </datafield>
        <datafield tag="650" ind1=" " ind2="3">
            <subfield code="a">ecotones</subfield>
        </datafield>
        <datafield tag="650" ind1=" " ind2="3">
            <subfield code="a">community structure</subfield>
        </datafield>
        <datafield tag="650" ind1=" " ind2="3">
            <subfield code="a">vegetation cover</subfield>
        </datafield>
        <datafield tag="650" ind1=" " ind2="3">
            <subfield code="a">species diversity</subfield>
        </datafield>
        <datafield tag="650" ind1=" " ind2="3">
            <subfield code="a">wild birds</subfield>
        </datafield>
        <datafield tag="650" ind1=" " ind2="3">
            <subfield code="a">forest habitats</subfield>
        </datafield>
        <datafield tag="650" ind1=" " ind2="3">
            <subfield code="a">woodlands</subfield>
        </datafield>
        <datafield tag="650" ind1=" " ind2="3">
            <subfield code="a">grasslands</subfield>
        </datafield>
        <datafield tag="651" ind1=" " ind2="3">
            <subfield code="a">Andes region</subfield>
        </datafield>
        <datafield tag="651" ind1=" " ind2="3">
            <subfield code="a">Peru</subfield>
        </datafield>
        <datafield tag="653" ind1=" " ind2="0">
            <subfield code="a">species differences</subfield>
        </datafield>
        <datafield tag="700" ind1="1" ind2=" ">
            <subfield code="a">SEVILLANO RÍOS, STEVEN</subfield>
            <subfield code="e">author</subfield>
        </datafield>
        <datafield tag="700" ind1="1" ind2=" ">
            <subfield code="a">MARSDEN, STUART J.</subfield>
            <subfield code="e">author</subfield>
        </datafield>
        <datafield tag="700" ind1="1" ind2=" ">
            <subfield code="a">VALDÉS‐VELÁSQUEZ, ARMANDO</subfield>
            <subfield code="e">author</subfield>
        </datafield>
        <datafield tag="773" ind1="0" ind2=" ">
            <subfield code="t">Austral ecology.</subfield>
            <subfield code="g">2012 June, v. 37, no. 4 p.470-478</subfield>
            <subfield code="d">Blackwell Publishing Asia</subfield>
            <subfield code="x">1442-9985</subfield>
            <subfield code="7">nnas</subfield>
        </datafield>
        <datafield tag="787" ind1="1" ind2=" ">
            <subfield code="o">islandora_article_repository</subfield>
        </datafield>
        <datafield tag="787" ind1="1" ind2=" ">
            <subfield code="o">product_pubag</subfield>
        </datafield>
        <datafield tag="787" ind1="1" ind2=" ">
            <subfield code="o">(Journal)jnl59958</subfield>
        </datafield>
        <datafield tag="856" ind1="4" ind2="0">
            <subfield code="u">http://dx.doi.org/10.1111/j.1442-9993.2011.02308.x</subfield>
        </datafield>
        <datafield tag="912" ind1=" " ind2=" ">
            <subfield code="a">Article</subfield>
        </datafield>
        <datafield tag="914" ind1=" " ind2=" ">
            <subfield code="a">Journal:jnl59958</subfield>
            <subfield code="b">1442-9985</subfield>
            <subfield code="c">37</subfield>
            <subfield code="d">4</subfield>
            <subfield code="e">470</subfield>
        </datafield>
        <datafield tag="914" ind1=" " ind2=" ">
            <subfield code="f">Austral ecology</subfield>
        </datafield>
        <datafield tag="917" ind1=" " ind2=" ">
            <subfield code="a">issued</subfield>
        </datafield>
        <datafield tag="918" ind1="2" ind2=" ">
            <subfield code="a">John Wiley &amp; Sons, Inc</subfield>
            <subfield code="e">provider</subfield>
            <subfield code="5">DNAL</subfield>
        </datafield>
        <datafield tag="935" ind1=" " ind2=" ">
            <subfield code="a">IND44650129</subfield>
            <subfield code="9">ExL</subfield>
        </datafield>
        <datafield tag="949" ind1=" " ind2=" ">
            <subfield code="a">2013-03-04</subfield>
        </datafield>
        <datafield tag="951" ind1=" " ind2=" ">
            <subfield code="a">2012-05-25</subfield>
        </datafield>
        <datafield tag="953" ind1=" " ind2=" ">
            <subfield code="a">14429985_2012_37_4.xml</subfield>
        </datafield>
        <datafield tag="962" ind1=" " ind2=" ">
            <subfield code="a">Journal ISSN is 1442-9993</subfield>
        </datafield>
        <datafield tag="962" ind1=" " ind2=" ">
            <subfield code="a">Batch:117 annotated on 2013-02-07T13:37:25Z</subfield>
        </datafield>
        <datafield tag="962" ind1=" " ind2=" ">
            <subfield code="a">Batch:117 reviewed on 2013-02-25T13:15:45Z</subfield>
        </datafield>
        <datafield tag="974" ind1=" " ind2=" ">
            <subfield code="a">agid:578576</subfield>
        </datafield>
    </record>