
    <record>
        <leader>03690nab a2200661 u 4500</leader>
        <controlfield tag="001">9915797878407426</controlfield>
        <controlfield tag="005">20221123022151.0</controlfield>
        <controlfield tag="008">070514s2007 xx |||||o|||||||||||eng||</controlfield>
        <datafield tag="016" ind1="7" ind2=" ">
            <subfield code="a">IND43913351</subfield>
            <subfield code="2">DNAL</subfield>
        </datafield>
        <datafield tag="024" ind1="7" ind2=" ">
            <subfield code="a">10.1016/j.flora.2006.03.004</subfield>
            <subfield code="2">doi</subfield>
        </datafield>
        <datafield tag="035" ind1=" " ind2=" ">
            <subfield code="a">agid:706231-01nal_inst</subfield>
        </datafield>
        <datafield tag="040" ind1=" " ind2=" ">
            <subfield code="a">AGL</subfield>
            <subfield code="b">eng</subfield>
            <subfield code="c">AGL</subfield>
        </datafield>
        <datafield tag="072" ind1=" " ind2="0">
            <subfield code="a">F600</subfield>
        </datafield>
        <datafield tag="072" ind1=" " ind2="0">
            <subfield code="a">K001</subfield>
        </datafield>
        <datafield tag="072" ind1=" " ind2="0">
            <subfield code="a">B200</subfield>
        </datafield>
        <datafield tag="100" ind1="1" ind2=" ">
            <subfield code="a">Dietz, J.</subfield>
        </datafield>
        <datafield tag="245" ind1="1" ind2="0">
            <subfield code="a">Vertical patterns and duration of surface wetness in an old-growth
                tropical montane, forest, Indonesia</subfield>
        </datafield>
        <datafield tag="300" ind1=" " ind2=" ">
            <subfield code="a">p. 111-117.</subfield>
        </datafield>
        <datafield tag="500" ind1=" " ind2=" ">
            <subfield code="a">Includes references</subfield>
        </datafield>
        <datafield tag="520" ind1=" " ind2=" ">
            <subfield code="a">In tropical montane forests, the wetness of leaf surfaces is an
                important parameter which may influence gas exchange, growth and vitality of leaves,
                and forest productivity. Thirty surface wetness sensors were operated during
                May-August 2004 in a vertical profile inside an old-growth lower montane rain forest
                of Central Sulawesi, Indonesia, with the objective to analyse spatial and temporal
                patterns of surface wetness and to relate wetness duration to the microclimate
                inside the stand. The canopy was wet during 25-30% of time in this study period. In
                a dry period, however, surface wetness lasted for only 5% of the time, whereas the
                canopy was wet during 45-55% of the time in a rainy period. In the lower shade
                canopy, surface wetness continuously existed for periods of up to 22h and more,
                although rainfall occurred only during afternoon thunderstorms of limited duration.
                The long duration of surface wetness has implications for forest interception
                models, which assume a complete drying of the canopy between subsequent rainfall
                events. In periods with rainfall, leaf wetness typically occurred in the afternoon,
                evening and first half of the night because intercepted water persisted on the
                leaves until about midnight. In dry periods, in contrast, surface wetness was mainly
                caused by dewfall in the second half of the night, and it occurred mainly in the
                uppermost canopy where radiative heat losses resulted in a substantial under-cooling
                of the leaves. Ecophysiological and hydrological importance is suggested by the long
                duration of surface wetting in this stand with possible implications for gas
                exchange, leaf growth, leaf colonization by epiphylls and the forest water
                balance.</subfield>
        </datafield>
        <datafield tag="593" ind1=" " ind2=" ">
            <subfield code="a">PubAg article</subfield>
        </datafield>
        <datafield tag="650" ind1=" " ind2="3">
            <subfield code="a">water content</subfield>
        </datafield>
        <datafield tag="650" ind1=" " ind2="3">
            <subfield code="a">forest trees</subfield>
        </datafield>
        <datafield tag="650" ind1=" " ind2="3">
            <subfield code="a">tree growth</subfield>
        </datafield>
        <datafield tag="650" ind1=" " ind2="3">
            <subfield code="a">leaves</subfield>
        </datafield>
        <datafield tag="650" ind1=" " ind2="3">
            <subfield code="a">measurement</subfield>
        </datafield>
        <datafield tag="650" ind1=" " ind2="3">
            <subfield code="a">gas exchange</subfield>
        </datafield>
        <datafield tag="650" ind1=" " ind2="3">
            <subfield code="a">temperature</subfield>
        </datafield>
        <datafield tag="650" ind1=" " ind2="3">
            <subfield code="a">rain</subfield>
        </datafield>
        <datafield tag="650" ind1=" " ind2="3">
            <subfield code="a">microclimate</subfield>
        </datafield>
        <datafield tag="650" ind1=" " ind2="3">
            <subfield code="a">diurnal variation</subfield>
        </datafield>
        <datafield tag="650" ind1=" " ind2="3">
            <subfield code="a">height</subfield>
        </datafield>
        <datafield tag="650" ind1=" " ind2="3">
            <subfield code="a">tropical montane cloud forests</subfield>
        </datafield>
        <datafield tag="651" ind1=" " ind2="3">
            <subfield code="a">Indonesia</subfield>
        </datafield>
        <datafield tag="700" ind1="1" ind2=" ">
            <subfield code="a">Leuschner, C.</subfield>
        </datafield>
        <datafield tag="700" ind1="1" ind2=" ">
            <subfield code="a">Holscher, D.</subfield>
        </datafield>
        <datafield tag="700" ind1="1" ind2=" ">
            <subfield code="a">Kreilein, H.</subfield>
        </datafield>
        <datafield tag="773" ind1="0" ind2=" ">
            <subfield code="t">Flora.</subfield>
            <subfield code="g">2007, v. 202, no. 2 p.111-117</subfield>
            <subfield code="d">G. Fischer Verlag</subfield>
            <subfield code="x">0367-2530</subfield>
            <subfield code="7">nnas</subfield>
        </datafield>
        <datafield tag="787" ind1="1" ind2=" ">
            <subfield code="o">islandora_article_repository</subfield>
        </datafield>
        <datafield tag="787" ind1="1" ind2=" ">
            <subfield code="o">product_pubag</subfield>
        </datafield>
        <datafield tag="787" ind1="1" ind2=" ">
            <subfield code="o">(Journal)jnl51878</subfield>
        </datafield>
        <datafield tag="852" ind1=" " ind2=" ">
            <subfield code="a">DNAL</subfield>
        </datafield>
        <datafield tag="856" ind1="4" ind2="0">
            <subfield code="u">http://dx.doi.org/10.1016/j.flora.2006.03.004</subfield>
            <subfield code="3">Available from publisher's Web site</subfield>
        </datafield>
        <datafield tag="912" ind1=" " ind2=" ">
            <subfield code="a">Article</subfield>
        </datafield>
        <datafield tag="914" ind1=" " ind2=" ">
            <subfield code="a">Journal:jnl51878</subfield>
            <subfield code="b">0367-2530</subfield>
            <subfield code="c">202</subfield>
            <subfield code="d">2</subfield>
            <subfield code="e">111</subfield>
        </datafield>
        <datafield tag="914" ind1=" " ind2=" ">
            <subfield code="f">Flora</subfield>
        </datafield>
        <datafield tag="917" ind1=" " ind2=" ">
            <subfield code="a">issued</subfield>
        </datafield>
        <datafield tag="930" ind1=" " ind2=" ">
            <subfield code="a">20080718</subfield>
            <subfield code="b">20080801</subfield>
            <subfield code="c">00000000</subfield>
        </datafield>
        <datafield tag="935" ind1=" " ind2=" ">
            <subfield code="a">IND43913351</subfield>
            <subfield code="9">ExL</subfield>
        </datafield>
        <datafield tag="945" ind1=" " ind2=" ">
            <subfield code="a">IND</subfield>
            <subfield code="d">MKS</subfield>
            <subfield code="e">2007/06/16</subfield>
        </datafield>
        <datafield tag="946" ind1=" " ind2=" ">
            <subfield code="a">Non-US</subfield>
        </datafield>
        <datafield tag="949" ind1=" " ind2=" ">
            <subfield code="a">2014-07-17</subfield>
        </datafield>
        <datafield tag="952" ind1=" " ind2=" ">
            <subfield code="a">20080718 20080801 00000000</subfield>
            <subfield code="b">IND MKS 2007/06/16</subfield>
        </datafield>
        <datafield tag="962" ind1=" " ind2=" ">
            <subfield code="a">Journal title changed from 'Flora'</subfield>
        </datafield>
        <datafield tag="974" ind1=" " ind2=" ">
            <subfield code="a">agid:706231</subfield>
        </datafield>
        <datafield tag="984" ind1=" " ind2=" ">
            <subfield code="a">2014-07-23</subfield>
        </datafield>
        <datafield tag="985" ind1=" " ind2=" ">
            <subfield code="a">Converted from MARCXML to MODS version 3.4 using
                MARC21slim2MODS3-4.xsl (Revision 1.95 2014/04/23)</subfield>
        </datafield>
        <datafield tag="986" ind1=" " ind2=" ">
            <subfield code="a">3913351</subfield>
        </datafield>
    </record>