
    <record>
        <leader>03910nab a2200601 u 4500</leader>
        <controlfield tag="001">9915797889907426</controlfield>
        <controlfield tag="005">20221123032815.0</controlfield>
        <controlfield tag="008">110722s2011 xx |||||o|||||||||||eng||</controlfield>
        <datafield tag="016" ind1="7" ind2=" ">
            <subfield code="a">IND44603184</subfield>
            <subfield code="2">DNAL</subfield>
        </datafield>
        <datafield tag="024" ind1="7" ind2=" ">
            <subfield code="a">10.1111/j.1095-8312.2011.01698.x</subfield>
            <subfield code="2">doi</subfield>
        </datafield>
        <datafield tag="035" ind1=" " ind2=" ">
            <subfield code="a">agid:644881-01nal_inst</subfield>
        </datafield>
        <datafield tag="040" ind1=" " ind2=" ">
            <subfield code="a">AGL</subfield>
            <subfield code="b">eng</subfield>
            <subfield code="c">AGL</subfield>
        </datafield>
        <datafield tag="100" ind1="1" ind2=" ">
            <subfield code="a">WIESNER, KERSTIN R.</subfield>
            <subfield code="e">author</subfield>
        </datafield>
        <datafield tag="245" ind1="1" ind2="0">
            <subfield code="a">Patterns of local and regional genetic structuring in the meadow
                grasshopper, Chorthippus parallelus (Orthoptera: Acrididae), in Central Germany
                revealed using microsatellite markers</subfield>
        </datafield>
        <datafield tag="300" ind1=" " ind2=" ">
            <subfield code="a">p. 875-890.</subfield>
        </datafield>
        <datafield tag="500" ind1=" " ind2=" ">
            <subfield code="a">Includes references</subfield>
        </datafield>
        <datafield tag="520" ind1=" " ind2=" ">
            <subfield code="a">The meadow grasshopper, Chorthippus parallelus (Zetterstedt), is
                common and widespread in Central Europe, with a low dispersal range per generation.
                A population study in Central Germany (Frankenwald and Thüringer Schiefergebirge)
                showed strong interpopulation differences in abundance and individual fitness. We
                examined genetic variability using microsatellite markers within and between 22
                populations in a short- to long-distance sampling (19 populations, Frankenwald,
                Schiefergebirge, as well as a southern transect), and in the Erzgebirge region
                (three populations), with the latter aiming to check for effects as a result of
                historical forest cover. Of the 671 C. parallelus captured, none was macropterous
                (functionally winged). All populations showed a high level of expected and observed
                heterozygosity (mean 0.80-0.90 and 0.60-0.75, respectively), whereas there was
                evidence of inbreeding (FIS values all positive). Allelic richness for all
                locus-population combinations was high (mean 9.3-11.2), whereas alleles per locus
                ranged from 15-62. At a local level, genic and genotypic differences were
                significant. Pairwise FST values were in the range 0.00-0.04, indicating little
                interpopulation genetic differentiation. Similarly, the calculated gene flow was
                very high, based on the respective FST (19.5) and using private alleles (7.7). A
                Neighbour-joining tree using Nei's DA and principal coordinate analysis separated
                two populations that were collected in the Erzgebirge region. Populations from this
                region may have escaped the effects of the historical forest cover. The
                visualization of the spatial arrangement of genotypes revealed one geographical
                barrier to gene flow in the short-distance sampling.</subfield>
        </datafield>
        <datafield tag="593" ind1=" " ind2=" ">
            <subfield code="a">PubAg article</subfield>
        </datafield>
        <datafield tag="650" ind1=" " ind2="3">
            <subfield code="a">Chorthippus parallelus</subfield>
        </datafield>
        <datafield tag="650" ind1=" " ind2="3">
            <subfield code="a">alleles</subfield>
        </datafield>
        <datafield tag="650" ind1=" " ind2="3">
            <subfield code="a">forests</subfield>
        </datafield>
        <datafield tag="650" ind1=" " ind2="3">
            <subfield code="a">gene flow</subfield>
        </datafield>
        <datafield tag="650" ind1=" " ind2="3">
            <subfield code="a">genetic variation</subfield>
        </datafield>
        <datafield tag="650" ind1=" " ind2="3">
            <subfield code="a">heterozygosity</subfield>
        </datafield>
        <datafield tag="650" ind1=" " ind2="3">
            <subfield code="a">inbreeding</subfield>
        </datafield>
        <datafield tag="650" ind1=" " ind2="3">
            <subfield code="a">loci</subfield>
        </datafield>
        <datafield tag="650" ind1=" " ind2="3">
            <subfield code="a">microsatellite repeats</subfield>
        </datafield>
        <datafield tag="651" ind1=" " ind2="3">
            <subfield code="a">Central European region</subfield>
        </datafield>
        <datafield tag="651" ind1=" " ind2="3">
            <subfield code="a">Germany</subfield>
        </datafield>
        <datafield tag="700" ind1="1" ind2=" ">
            <subfield code="a">LOXDALE, HUGH D.</subfield>
            <subfield code="e">author</subfield>
        </datafield>
        <datafield tag="700" ind1="1" ind2=" ">
            <subfield code="a">KÖHLER, GÜNTER</subfield>
            <subfield code="e">author</subfield>
        </datafield>
        <datafield tag="700" ind1="1" ind2=" ">
            <subfield code="a">SCHNEIDER, ANJA R.R.</subfield>
            <subfield code="e">author</subfield>
        </datafield>
        <datafield tag="700" ind1="1" ind2=" ">
            <subfield code="a">TIEDEMANN, RALPH</subfield>
            <subfield code="e">author</subfield>
        </datafield>
        <datafield tag="700" ind1="1" ind2=" ">
            <subfield code="a">WEISSER, WOLFGANG W.</subfield>
            <subfield code="e">author</subfield>
        </datafield>
        <datafield tag="773" ind1="0" ind2=" ">
            <subfield code="t">Biological journal of the Linnean Society.</subfield>
            <subfield code="g">2011 Aug., v. 103, no. 4 p.875-890</subfield>
            <subfield code="d">Blackwell Publishing Ltd</subfield>
            <subfield code="w">Journal:jnl1847</subfield>
            <subfield code="x">0024-4066</subfield>
            <subfield code="7">nnas</subfield>
        </datafield>
        <datafield tag="787" ind1="1" ind2=" ">
            <subfield code="o">islandora_article_repository</subfield>
        </datafield>
        <datafield tag="787" ind1="1" ind2=" ">
            <subfield code="o">product_pubag</subfield>
        </datafield>
        <datafield tag="787" ind1="1" ind2=" ">
            <subfield code="o">(Journal)jnl1847</subfield>
        </datafield>
        <datafield tag="852" ind1=" " ind2=" ">
            <subfield code="a">DNAL</subfield>
        </datafield>
        <datafield tag="856" ind1="4" ind2="0">
            <subfield code="u">http://dx.doi.org/10.1111/j.1095-8312.2011.01698.x</subfield>
            <subfield code="3">Available from publisher's Web site</subfield>
        </datafield>
        <datafield tag="912" ind1=" " ind2=" ">
            <subfield code="a">Article</subfield>
        </datafield>
        <datafield tag="914" ind1=" " ind2=" ">
            <subfield code="a">Journal:jnl1847</subfield>
            <subfield code="b">0024-4066</subfield>
            <subfield code="c">103</subfield>
            <subfield code="d">4</subfield>
            <subfield code="e">875</subfield>
        </datafield>
        <datafield tag="914" ind1=" " ind2=" ">
            <subfield code="f">Biological journal of the Linnean Society</subfield>
        </datafield>
        <datafield tag="917" ind1=" " ind2=" ">
            <subfield code="a">issued</subfield>
        </datafield>
        <datafield tag="935" ind1=" " ind2=" ">
            <subfield code="a">IND44603184</subfield>
            <subfield code="9">ExL</subfield>
        </datafield>
        <datafield tag="949" ind1=" " ind2=" ">
            <subfield code="a">2014-06-03</subfield>
        </datafield>
        <datafield tag="962" ind1=" " ind2=" ">
            <subfield code="a">Batch:540 annotated on 2014-05-13T10:39:56Z</subfield>
        </datafield>
        <datafield tag="962" ind1=" " ind2=" ">
            <subfield code="a">Batch:540 reviewed on 2014-06-02T16:00:02Z</subfield>
        </datafield>
        <datafield tag="962" ind1=" " ind2=" ">
            <subfield code="a">Batch:540 reviewed on 2014-06-03T11:00:02Z</subfield>
        </datafield>
        <datafield tag="974" ind1=" " ind2=" ">
            <subfield code="a">agid:644881</subfield>
        </datafield>
        <datafield tag="984" ind1=" " ind2=" ">
            <subfield code="a">2011-07-22</subfield>
        </datafield>
        <datafield tag="985" ind1=" " ind2=" ">
            <subfield code="a">Converted from MARCXML to MODS version 3.4 using
                MARC21slim2MODS3-4.xsl (Revision 1.94 2014/02/21)</subfield>
        </datafield>
        <datafield tag="986" ind1=" " ind2=" ">
            <subfield code="a">4603184</subfield>
        </datafield>
    </record>