
    <record>
        <leader>04324nab a2200685 u 4500</leader>
        <controlfield tag="001">9915797903807426</controlfield>
        <controlfield tag="005">20221123032620.0</controlfield>
        <controlfield tag="008">190702e20190428xx |||||o|||||||||||eng||</controlfield>
        <datafield tag="016" ind1="7" ind2=" ">
            <subfield code="a">IND606489969</subfield>
            <subfield code="2">DNAL</subfield>
        </datafield>
        <datafield tag="024" ind1="7" ind2=" ">
            <subfield code="a">10.3390/f10050367</subfield>
            <subfield code="2">doi</subfield>
        </datafield>
        <datafield tag="035" ind1=" " ind2=" ">
            <subfield code="a">agid:6489969-01nal_inst</subfield>
        </datafield>
        <datafield tag="040" ind1=" " ind2=" ">
            <subfield code="a">AGL</subfield>
            <subfield code="b">eng</subfield>
            <subfield code="c">AGL</subfield>
        </datafield>
        <datafield tag="100" ind1="1" ind2=" ">
            <subfield code="a">Robertson, Kevin M.</subfield>
            <subfield code="e">author</subfield>
            <subfield code="u">Tall Timbers Research Station, Tallahassee, FL 32312, USA.
                krobertson@talltimbers.org</subfield>
        </datafield>
        <datafield tag="245" ind1="1" ind2="0">
            <subfield code="a">Patchy Fires Promote Regeneration of Longleaf Pine (&lt;i&gt;Pinus
                palustris&lt;/i&gt; Mill.) in Pine Savannas</subfield>
        </datafield>
        <datafield tag="520" ind1=" " ind2=" ">
            <subfield code="a">Research Highlights: Spatial patterns of fire spread and severity
                influence survival of juvenile pines in longleaf pine savannas. Small areas that do
                not burn during frequent fires facilitate formation of patches of even-aged longleaf
                pine juveniles. These regeneration patches are especially associated with inner
                portions of openings (gaps) and where canopy trees have died in recent decades.
                Patterns of prescribed fire can thus have an important influence on stand dynamics
                of the dominant tree in pine savannas. Background and Objectives: Savannas are
                characterized by bottlenecks to tree regeneration. In pine savannas, longleaf pine
                is noted for recruitment in discrete clusters located within gaps away from canopy
                trees. Various mechanisms promoting this pattern have been hypothesized: light
                limitations, soil moisture, soil nutrients, pine needle mulching, competition with
                canopy tree roots, and fire severity associated with pine needle litter. We tested
                the hypothesis that regeneration patches are associated with areas that remain
                unburned during some prescribed fires, as mediated by gaps in the canopy, especially
                inner portions of gaps, and areas re-opened by death of canopy trees. Materials and
                Methods: We mapped areas that were unburned during prescribed fires applied at
                1&amp;ndash;2 year intervals from 2005&amp;ndash;2018 in an old-growth pine savanna
                in Georgia, USA. We compared the maps to locations of longleaf pine juveniles
                (&lt;1.5 m height) measured in 2018 and canopy cover and canopy tree deaths using a
                long-term (40 year) tree census. Results: Logistic regression analysis showed
                juveniles to be associated with unburned areas, gaps, inner gaps, and areas where
                canopy trees died. Conclusions: Patterns of fire spread and severity limit survival
                of longleaf pine juveniles to patches away from canopy trees, especially where
                canopy trees have died in recent decades. These processes contribute to a buffering
                mechanism that maintains the savanna structure and prevents transition to closed
                canopy forest or open grassland communities.</subfield>
        </datafield>
        <datafield tag="592" ind1=" " ind2=" ">
            <subfield code="a">Publisher supplied data</subfield>
        </datafield>
        <datafield tag="593" ind1=" " ind2=" ">
            <subfield code="a">PubAg article</subfield>
        </datafield>
        <datafield tag="650" ind1=" " ind2="3">
            <subfield code="a">Pinus palustris</subfield>
        </datafield>
        <datafield tag="650" ind1=" " ind2="3">
            <subfield code="a">canopy gaps</subfield>
        </datafield>
        <datafield tag="650" ind1=" " ind2="3">
            <subfield code="a">conifer needles</subfield>
        </datafield>
        <datafield tag="650" ind1=" " ind2="3">
            <subfield code="a">death</subfield>
        </datafield>
        <datafield tag="650" ind1=" " ind2="3">
            <subfield code="a">fire severity</subfield>
        </datafield>
        <datafield tag="650" ind1=" " ind2="3">
            <subfield code="a">fire spread</subfield>
        </datafield>
        <datafield tag="650" ind1=" " ind2="3">
            <subfield code="a">fires</subfield>
        </datafield>
        <datafield tag="650" ind1=" " ind2="3">
            <subfield code="a">grasslands</subfield>
        </datafield>
        <datafield tag="650" ind1=" " ind2="3">
            <subfield code="a">juveniles</subfield>
        </datafield>
        <datafield tag="650" ind1=" " ind2="3">
            <subfield code="a">mulching</subfield>
        </datafield>
        <datafield tag="650" ind1=" " ind2="3">
            <subfield code="a">old-growth forests</subfield>
        </datafield>
        <datafield tag="650" ind1=" " ind2="3">
            <subfield code="a">plant litter</subfield>
        </datafield>
        <datafield tag="650" ind1=" " ind2="3">
            <subfield code="a">prescribed burning</subfield>
        </datafield>
        <datafield tag="650" ind1=" " ind2="3">
            <subfield code="a">regression analysis</subfield>
        </datafield>
        <datafield tag="650" ind1=" " ind2="3">
            <subfield code="a">roots</subfield>
        </datafield>
        <datafield tag="650" ind1=" " ind2="3">
            <subfield code="a">savannas</subfield>
        </datafield>
        <datafield tag="650" ind1=" " ind2="3">
            <subfield code="a">soil nutrients</subfield>
        </datafield>
        <datafield tag="650" ind1=" " ind2="3">
            <subfield code="a">soil water</subfield>
        </datafield>
        <datafield tag="650" ind1=" " ind2="3">
            <subfield code="a">tree mortality</subfield>
        </datafield>
        <datafield tag="650" ind1=" " ind2="3">
            <subfield code="a">trees</subfield>
        </datafield>
        <datafield tag="651" ind1=" " ind2="3">
            <subfield code="a">Georgia</subfield>
        </datafield>
        <datafield tag="700" ind1="1" ind2=" ">
            <subfield code="a">Platt, William J.</subfield>
            <subfield code="e">author</subfield>
        </datafield>
        <datafield tag="700" ind1="1" ind2=" ">
            <subfield code="a">Faires, Charles E.</subfield>
            <subfield code="e">author</subfield>
        </datafield>
        <datafield tag="773" ind1="0" ind2=" ">
            <subfield code="t">Forests.</subfield>
            <subfield code="g">2019 Apr. 28, v. 10, no. 5</subfield>
            <subfield code="d">Multidisciplinary Digital Publishing Institute</subfield>
            <subfield code="w">Journal:2257</subfield>
            <subfield code="x">1999-4907</subfield>
            <subfield code="7">nnas</subfield>
        </datafield>
        <datafield tag="787" ind1="1" ind2=" ">
            <subfield code="o">islandora_article_repository</subfield>
        </datafield>
        <datafield tag="787" ind1="1" ind2=" ">
            <subfield code="o">product_pubag</subfield>
        </datafield>
        <datafield tag="787" ind1="1" ind2=" ">
            <subfield code="o">(Journal)2257</subfield>
        </datafield>
        <datafield tag="856" ind1="4" ind2="0">
            <subfield code="u">http://dx.doi.org/10.3390/f10050367</subfield>
            <subfield code="3">Available from publisher's site</subfield>
        </datafield>
        <datafield tag="912" ind1=" " ind2=" ">
            <subfield code="a">Article</subfield>
        </datafield>
        <datafield tag="914" ind1=" " ind2=" ">
            <subfield code="a">Journal:2257</subfield>
            <subfield code="b">1999-4907</subfield>
            <subfield code="c">10</subfield>
            <subfield code="d">5</subfield>
        </datafield>
        <datafield tag="914" ind1=" " ind2=" ">
            <subfield code="f">Forests</subfield>
        </datafield>
        <datafield tag="916" ind1=" " ind2=" ">
            <subfield code="a">Batch:2278</subfield>
        </datafield>
        <datafield tag="917" ind1=" " ind2=" ">
            <subfield code="a">issued</subfield>
        </datafield>
        <datafield tag="918" ind1="2" ind2=" ">
            <subfield code="a">Multidisciplinary Digital Publishing Institute</subfield>
            <subfield code="e">provider</subfield>
            <subfield code="5">DNAL</subfield>
        </datafield>
        <datafield tag="935" ind1=" " ind2=" ">
            <subfield code="a">IND606489969</subfield>
            <subfield code="9">ExL</subfield>
        </datafield>
        <datafield tag="949" ind1=" " ind2=" ">
            <subfield code="a">2019-08-12</subfield>
        </datafield>
        <datafield tag="953" ind1=" " ind2=" ">
            <subfield code="a"
                >/data/metadata/incoming/mdpinstitute/forests-v10-i05-20190531.xml</subfield>
        </datafield>
        <datafield tag="954" ind1=" " ind2=" ">
            <subfield code="a"
                >file:/data/metadata/staging/mdpinstitute/forests-v10-i05-20190531.xml</subfield>
        </datafield>
        <datafield tag="955" ind1=" " ind2=" ">
            <subfield code="a">/data/metadata/staging/mdpinstitute/</subfield>
        </datafield>
        <datafield tag="962" ind1=" " ind2=" ">
            <subfield code="a">Batch:2278 reviewed on 2019-08-12T12:00:04Z</subfield>
        </datafield>
        <datafield tag="974" ind1=" " ind2=" ">
            <subfield code="a">agid:6489969</subfield>
        </datafield>
        <datafield tag="983" ind1=" " ind2=" ">
            <subfield code="a">2019-07-02</subfield>
        </datafield>
        <datafield tag="984" ind1=" " ind2=" ">
            <subfield code="a">2019-08-12</subfield>
        </datafield>
    </record>