
    <record>
        <leader>04211nab a2200685 u 4500</leader>
        <controlfield tag="001">9915797922107426</controlfield>
        <controlfield tag="005">20221123045335.0</controlfield>
        <controlfield tag="008">190415e201901 xx |||||o|||||||||||eng||</controlfield>
        <datafield tag="016" ind1="7" ind2=" ">
            <subfield code="a">IND606234715</subfield>
            <subfield code="2">DNAL</subfield>
        </datafield>
        <datafield tag="024" ind1="7" ind2=" ">
            <subfield code="a">10.1016/j.ecoinf.2018.11.002</subfield>
            <subfield code="2">doi</subfield>
        </datafield>
        <datafield tag="035" ind1=" " ind2=" ">
            <subfield code="a">agid:6234715-01nal_inst</subfield>
        </datafield>
        <datafield tag="040" ind1=" " ind2=" ">
            <subfield code="a">AGL</subfield>
            <subfield code="b">eng</subfield>
            <subfield code="c">AGL</subfield>
        </datafield>
        <datafield tag="100" ind1="1" ind2=" ">
            <subfield code="a">Ballani, Felix</subfield>
            <subfield code="e">author</subfield>
            <subfield code="u">Institut für Stochastik, Bergakademie Freiberg, Prüferstraße 9,
                Freiberg D-09596, Germany</subfield>
        </datafield>
        <datafield tag="245" ind1="1" ind2="0">
            <subfield code="a">Mark-mark scatterplots improve pattern analysis in spatial plant
                ecology</subfield>
        </datafield>
        <datafield tag="300" ind1=" " ind2=" ">
            <subfield code="a">p. 13-21.</subfield>
        </datafield>
        <datafield tag="520" ind1=" " ind2=" ">
            <subfield code="a">Point process statistics provides valuable tools for many ecological
                studies, where ‘points’ are commonly determined to represent the locations of plants
                or animals and ‘marks’ are additional items such as species or size. In the
                statistical analysis of marked point patterns, various correlation functions are
                used such as the mark variogram or the mark correlation function. Often the
                interpretation of these functions is not easy and the non-spatial ecologist is in
                need of support. In order to make the analysis of spatial point patterns more
                accessible to ecologists, we introduced and tested a new graphical method, the
                mark-mark scatterplot. This plot visualises the marks of point pairs of inter-point
                distances r smaller than some small distance rmax. We tested the application of the
                mark-mark scatterplot by reconsidering three quite different tree patterns: a
                pattern of longleaf pine trees from the southern US which was strongly influenced by
                fires, a tropical tree pattern of the species Shorea congestiflora from Sri Lanka
                and a Scots pine pattern from Siberia (Russia). The new method yielded previously
                undetected cause-effect information on mark behaviour at short inter-point distances
                and thus improved the analysis with mark correlation functions as well as
                complemented the information they provided. We discovered important new correlations
                in clusters of trees at close proximity. The application of the mark-mark
                scatterplot will facilitate the interpretation of point process summary statistics
                and will make point process analysis more accessible to ecologists not specialized
                in point process statistics.</subfield>
        </datafield>
        <datafield tag="592" ind1=" " ind2=" ">
            <subfield code="a">Publisher supplied data</subfield>
        </datafield>
        <datafield tag="593" ind1=" " ind2=" ">
            <subfield code="a">PubAg article</subfield>
        </datafield>
        <datafield tag="650" ind1=" " ind2="3">
            <subfield code="a">Pinus palustris</subfield>
        </datafield>
        <datafield tag="650" ind1=" " ind2="3">
            <subfield code="a">Pinus sylvestris</subfield>
        </datafield>
        <datafield tag="650" ind1=" " ind2="3">
            <subfield code="a">Shorea</subfield>
        </datafield>
        <datafield tag="650" ind1=" " ind2="3">
            <subfield code="a">animals</subfield>
        </datafield>
        <datafield tag="650" ind1=" " ind2="3">
            <subfield code="a">fires</subfield>
        </datafield>
        <datafield tag="650" ind1=" " ind2="3">
            <subfield code="a">plant ecology</subfield>
        </datafield>
        <datafield tag="650" ind1=" " ind2="3">
            <subfield code="a">statistical analysis</subfield>
        </datafield>
        <datafield tag="650" ind1=" " ind2="3">
            <subfield code="a">trees</subfield>
        </datafield>
        <datafield tag="650" ind1=" " ind2="3">
            <subfield code="a">tropical plants</subfield>
        </datafield>
        <datafield tag="651" ind1=" " ind2="3">
            <subfield code="a">Siberia</subfield>
        </datafield>
        <datafield tag="651" ind1=" " ind2="3">
            <subfield code="a">Southeastern United States</subfield>
        </datafield>
        <datafield tag="651" ind1=" " ind2="3">
            <subfield code="a">Sri Lanka</subfield>
        </datafield>
        <datafield tag="653" ind1=" " ind2="0">
            <subfield code="a">Spatial ecological patterns</subfield>
        </datafield>
        <datafield tag="653" ind1=" " ind2="0">
            <subfield code="a">Longleaf pine</subfield>
        </datafield>
        <datafield tag="653" ind1=" " ind2="0">
            <subfield code="a">Shorea congestiflora</subfield>
        </datafield>
        <datafield tag="653" ind1=" " ind2="0">
            <subfield code="a">Scots pine</subfield>
        </datafield>
        <datafield tag="653" ind1=" " ind2="0">
            <subfield code="a">Plant interaction</subfield>
        </datafield>
        <datafield tag="653" ind1=" " ind2="0">
            <subfield code="a">Fire ecology</subfield>
        </datafield>
        <datafield tag="653" ind1=" " ind2="0">
            <subfield code="a">Mark variogram</subfield>
        </datafield>
        <datafield tag="653" ind1=" " ind2="0">
            <subfield code="a">Mark correlation function</subfield>
        </datafield>
        <datafield tag="653" ind1=" " ind2="0">
            <subfield code="a">Spatial scales</subfield>
        </datafield>
        <datafield tag="700" ind1="1" ind2=" ">
            <subfield code="a">Pommerening, Arne</subfield>
            <subfield code="e">author</subfield>
            <subfield code="u">Department of Forest Ecology and Management, Faculty of Forest
                Sciences, Swedish University of Agricultural Sciences SLU, Skogsmarksgränd 17, Umeå
                SE-901 83, Sweden</subfield>
        </datafield>
        <datafield tag="700" ind1="1" ind2=" ">
            <subfield code="a">Stoyan, Dietrich</subfield>
            <subfield code="e">author</subfield>
            <subfield code="u">Institut für Stochastik, Bergakademie Freiberg, Prüferstraße 9,
                Freiberg D-09596, Germany</subfield>
        </datafield>
        <datafield tag="773" ind1="0" ind2=" ">
            <subfield code="t">Ecological informatics.</subfield>
            <subfield code="g">2019 Jan., v. 49 p.13-21</subfield>
            <subfield code="d">Elsevier B.V.</subfield>
            <subfield code="w">Journal:2190</subfield>
            <subfield code="x">1574-9541</subfield>
            <subfield code="7">nnas</subfield>
        </datafield>
        <datafield tag="787" ind1="1" ind2=" ">
            <subfield code="o">islandora_article_repository</subfield>
        </datafield>
        <datafield tag="787" ind1="1" ind2=" ">
            <subfield code="o">product_pubag</subfield>
        </datafield>
        <datafield tag="787" ind1="1" ind2=" ">
            <subfield code="o">(Journal)2190</subfield>
        </datafield>
        <datafield tag="856" ind1="4" ind2="0">
            <subfield code="u">https://dx.doi.org/10.1016/j.ecoinf.2018.11.002</subfield>
            <subfield code="3">Available from publisher's site</subfield>
        </datafield>
        <datafield tag="912" ind1=" " ind2=" ">
            <subfield code="a">Article</subfield>
        </datafield>
        <datafield tag="914" ind1=" " ind2=" ">
            <subfield code="a">Journal:2190</subfield>
            <subfield code="b">1574-9541</subfield>
            <subfield code="c">49</subfield>
            <subfield code="e">13</subfield>
        </datafield>
        <datafield tag="914" ind1=" " ind2=" ">
            <subfield code="f">Ecological informatics</subfield>
        </datafield>
        <datafield tag="916" ind1=" " ind2=" ">
            <subfield code="a">Batch:2129</subfield>
        </datafield>
        <datafield tag="917" ind1=" " ind2=" ">
            <subfield code="a">issued</subfield>
        </datafield>
        <datafield tag="918" ind1="2" ind2=" ">
            <subfield code="a">Elsevier Consyn</subfield>
            <subfield code="e">provider</subfield>
            <subfield code="5">DNAL</subfield>
        </datafield>
        <datafield tag="935" ind1=" " ind2=" ">
            <subfield code="a">IND606234715</subfield>
            <subfield code="9">ExL</subfield>
        </datafield>
        <datafield tag="949" ind1=" " ind2=" ">
            <subfield code="a">2019-04-15</subfield>
        </datafield>
        <datafield tag="953" ind1=" " ind2=" ">
            <subfield code="a"
                >/data/metadata/incoming/consyn-backfiles/46-2-00104-HEAD-ONLY.zip</subfield>
        </datafield>
        <datafield tag="954" ind1=" " ind2=" ">
            <subfield code="a"
                >file:/data/metadata/staging/consyn-backfiles/S1574954118302346.xml</subfield>
        </datafield>
        <datafield tag="955" ind1=" " ind2=" ">
            <subfield code="a">/data/metadata/staging/consyn-backfiles/</subfield>
        </datafield>
        <datafield tag="974" ind1=" " ind2=" ">
            <subfield code="a">agid:6234715</subfield>
        </datafield>
        <datafield tag="983" ind1=" " ind2=" ">
            <subfield code="a">2019-04-15</subfield>
        </datafield>
        <datafield tag="984" ind1=" " ind2=" ">
            <subfield code="a">2019-04-15</subfield>
        </datafield>
    </record>