
    <record>
        <leader>05696nab a2200661 u 4500</leader>
        <controlfield tag="001">9915798347107426</controlfield>
        <controlfield tag="005">20221122201856.0</controlfield>
        <controlfield tag="008">220507e202112 xx |||||o|||||||||||eng||</controlfield>
        <datafield tag="016" ind1="7" ind2=" ">
            <subfield code="a">IND607548464</subfield>
            <subfield code="2">DNAL</subfield>
        </datafield>
        <datafield tag="024" ind1="7" ind2=" ">
            <subfield code="a">10.1016/j.tfp.2021.100152</subfield>
            <subfield code="2">doi</subfield>
        </datafield>
        <datafield tag="035" ind1=" " ind2=" ">
            <subfield code="a">agid:7548464-01nal_inst</subfield>
        </datafield>
        <datafield tag="040" ind1=" " ind2=" ">
            <subfield code="a">AGL</subfield>
            <subfield code="b">eng</subfield>
            <subfield code="c">AGL</subfield>
        </datafield>
        <datafield tag="100" ind1="1" ind2=" ">
            <subfield code="a">Antobre, Osei Owusu</subfield>
            <subfield code="e">author</subfield>
            <subfield code="u">Faculty of Renewable Natural Resources, College of Agriculture and
                Natural Resources, Kwame Nkrumah University of Science and Technology, Private Mail
                Bag UPO, Kumasi, Ghana</subfield>
        </datafield>
        <datafield tag="245" ind1="1" ind2="0">
            <subfield code="a">Forest recovery on skid trails and felling gaps following
                post-decadal selective logging in a moist semi-deciduous forest in Ghana</subfield>
        </datafield>
        <datafield tag="506" ind1=" " ind2=" ">
            <subfield code="a">Creative Commons Attribution 4.0 Generic (CC BY-NC-ND 4.0)</subfield>
            <subfield code="u">http://creativecommons.org/licenses/by-nc-nd/4.0/</subfield>
            <subfield code="f">Unrestricted online access</subfield>
            <subfield code="2">star</subfield>
        </datafield>
        <datafield tag="506" ind1=" " ind2=" ">
            <subfield code="a">Resource is Open Access</subfield>
            <subfield code="u">http://purl.org/eprint/accessRights/OpenAccess</subfield>
            <subfield code="f">Unrestricted online access</subfield>
            <subfield code="2">star</subfield>
        </datafield>
        <datafield tag="520" ind1=" " ind2=" ">
            <subfield code="a">While several studies have been conducted on the impacts of logging
                on forest recovery in tropical forests, most of these studies have largely focused
                on short term forest recovery and without perspectives on how different logging
                intensities could influence the nature and extent of forest recovery in the long
                term. This study therefore aims to explore how varying site conditions, resulting
                from the creation of different disturbance types (skid trails and felling gaps)
                following selective logging at two logging intensities influenced long-term
                floristic composition eighteen years after logging. The study was conducted in the
                permanent sample plots located in a 134-ha compartment in the Pra-Anum Forest
                Reserve. Data collection was conducted on 160 recording plots distributed on three
                disturbance sites and an unlogged area, within two blocks of logging intensity of
                26.32 m³/ha and 52.63 m³/ha (representing the volume of trees harvested per
                hectare). Results showed that the main skid trail had significantly lower species
                abundance and richness than the other disturbance types and the unlogged area. There
                was also a significant difference in species spatial distribution across all the
                four sites. These distribution patterns revealed differences in plant dominance at
                disturbance gradients, which indicate their success at competing for available
                resources within their niche space. Furthermore, the number of species belonging to
                particular ecological guilds classified from the different skid trails and unlogged
                areas as well logging intensities showed no significant variation. However, most of
                the species sampled across the disturbance regimes and unlogged area were observed
                to be shade tolerant. Logging disturbance and logging intensity did not influence
                the distribution of trees of national conservation importance (based on tree
                distribution, ecology, local abundance, interaction with ecosystem parameters and
                economic importance which have been used as basis conservation prioritization).
                However, disturbance type and higher logging intensities favoured tree species of
                minimal timber and national conservation importance, relative to the unlogged area.
                Given the increasing demand for timber products for both domestic and international
                markets, which is driving higher harvesting intensities legally and illegally, this
                study will inform forest management decision making on the long term dynamics of
                tree species recovery following logging.</subfield>
        </datafield>
        <datafield tag="592" ind1=" " ind2=" ">
            <subfield code="a">Publisher supplied data</subfield>
        </datafield>
        <datafield tag="593" ind1=" " ind2=" ">
            <subfield code="a">PubAg article</subfield>
        </datafield>
        <datafield tag="650" ind1=" " ind2="3">
            <subfield code="a">botanical composition</subfield>
        </datafield>
        <datafield tag="650" ind1=" " ind2="3">
            <subfield code="a">data collection</subfield>
        </datafield>
        <datafield tag="650" ind1=" " ind2="3">
            <subfield code="a">ecosystems</subfield>
        </datafield>
        <datafield tag="650" ind1=" " ind2="3">
            <subfield code="a">forest management</subfield>
        </datafield>
        <datafield tag="650" ind1=" " ind2="3">
            <subfield code="a">forest reserves</subfield>
        </datafield>
        <datafield tag="650" ind1=" " ind2="3">
            <subfield code="a">forests</subfield>
        </datafield>
        <datafield tag="650" ind1=" " ind2="3">
            <subfield code="a">prioritization</subfield>
        </datafield>
        <datafield tag="650" ind1=" " ind2="3">
            <subfield code="a">shade tolerance</subfield>
        </datafield>
        <datafield tag="650" ind1=" " ind2="3">
            <subfield code="a">species abundance</subfield>
        </datafield>
        <datafield tag="650" ind1=" " ind2="3">
            <subfield code="a">trees</subfield>
        </datafield>
        <datafield tag="651" ind1=" " ind2="3">
            <subfield code="a">Ghana</subfield>
        </datafield>
        <datafield tag="653" ind1=" " ind2="0">
            <subfield code="a">Logging</subfield>
        </datafield>
        <datafield tag="653" ind1=" " ind2="0">
            <subfield code="a">Regeneration</subfield>
        </datafield>
        <datafield tag="653" ind1=" " ind2="0">
            <subfield code="a">Tropical forest</subfield>
        </datafield>
        <datafield tag="653" ind1=" " ind2="0">
            <subfield code="a">Logging impact</subfield>
        </datafield>
        <datafield tag="700" ind1="1" ind2=" ">
            <subfield code="a">Gyamfi, Akwasi Duah</subfield>
            <subfield code="e">author</subfield>
            <subfield code="u">CSIR–Forestry Research Institute of Ghana, P. O. Box UP 63 KNUST,
                Kumasi, Ghana</subfield>
        </datafield>
        <datafield tag="700" ind1="1" ind2=" ">
            <subfield code="a">Asante, Winston Adams</subfield>
            <subfield code="e">author</subfield>
            <subfield code="u">Faculty of Renewable Natural Resources, College of Agriculture and
                Natural Resources, Kwame Nkrumah University of Science and Technology, Private Mail
                Bag UPO, Kumasi, Ghana</subfield>
        </datafield>
        <datafield tag="700" ind1="1" ind2=" ">
            <subfield code="a">Nsor, Collins Ayine</subfield>
            <subfield code="e">author</subfield>
            <subfield code="u">Faculty of Renewable Natural Resources, College of Agriculture and
                Natural Resources, Kwame Nkrumah University of Science and Technology, Private Mail
                Bag UPO, Kumasi, Ghana</subfield>
        </datafield>
        <datafield tag="700" ind1="1" ind2=" ">
            <subfield code="a">Kyereh, Boateng</subfield>
            <subfield code="e">author</subfield>
            <subfield code="u">Faculty of Renewable Natural Resources, College of Agriculture and
                Natural Resources, Kwame Nkrumah University of Science and Technology, Private Mail
                Bag UPO, Kumasi, Ghana</subfield>
        </datafield>
        <datafield tag="773" ind1="0" ind2=" ">
            <subfield code="t">Trees, forests and people.</subfield>
            <subfield code="g">2021 Dec., v. 6 p.100152-</subfield>
            <subfield code="d">Elsevier B.V.</subfield>
            <subfield code="w">Journal:27502</subfield>
            <subfield code="x">2666-7193</subfield>
            <subfield code="7">nnas</subfield>
        </datafield>
        <datafield tag="787" ind1="1" ind2=" ">
            <subfield code="o">islandora_article_repository</subfield>
        </datafield>
        <datafield tag="787" ind1="1" ind2=" ">
            <subfield code="o">product_pubag</subfield>
        </datafield>
        <datafield tag="787" ind1="1" ind2=" ">
            <subfield code="o">(Journal)27502</subfield>
        </datafield>
        <datafield tag="856" ind1="4" ind2="0">
            <subfield code="u">https://dx.doi.org/10.1016/j.tfp.2021.100152</subfield>
            <subfield code="3">Available from publisher's site</subfield>
        </datafield>
        <datafield tag="912" ind1=" " ind2=" ">
            <subfield code="a">Article</subfield>
        </datafield>
        <datafield tag="914" ind1=" " ind2=" ">
            <subfield code="a">Journal:27502</subfield>
            <subfield code="b">2666-7193</subfield>
            <subfield code="e">100152</subfield>
        </datafield>
        <datafield tag="914" ind1=" " ind2=" ">
            <subfield code="f">Trees, forests and people</subfield>
        </datafield>
        <datafield tag="916" ind1=" " ind2=" ">
            <subfield code="a">Batch:10203</subfield>
        </datafield>
        <datafield tag="917" ind1=" " ind2=" ">
            <subfield code="a">issued</subfield>
        </datafield>
        <datafield tag="918" ind1="2" ind2=" ">
            <subfield code="a">Elsevier Consyn</subfield>
            <subfield code="e">provider</subfield>
            <subfield code="5">DNAL</subfield>
        </datafield>
        <datafield tag="935" ind1=" " ind2=" ">
            <subfield code="a">IND607548464</subfield>
            <subfield code="9">ExL</subfield>
        </datafield>
        <datafield tag="949" ind1=" " ind2=" ">
            <subfield code="a">2022-09-06</subfield>
        </datafield>
        <datafield tag="952" ind1=" " ind2=" ">
            <subfield code="d">NAL-AP-2-clean</subfield>
        </datafield>
        <datafield tag="953" ind1=" " ind2=" ">
            <subfield code="a"
                >/data/metadata/incoming/consyn/357172964607342628-00002-HEAD-ONLY-REVISEDSUBJECTLIST.zip</subfield>
        </datafield>
        <datafield tag="954" ind1=" " ind2=" ">
            <subfield code="a">file:/data/metadata/staging/consyn/S2666719321000911.xml</subfield>
        </datafield>
        <datafield tag="955" ind1=" " ind2=" ">
            <subfield code="a">/data/metadata/staging/consyn/</subfield>
        </datafield>
        <datafield tag="974" ind1=" " ind2=" ">
            <subfield code="a">agid:7548464</subfield>
        </datafield>
        <datafield tag="983" ind1=" " ind2=" ">
            <subfield code="a">2022-05-07</subfield>
        </datafield>
        <datafield tag="984" ind1=" " ind2=" ">
            <subfield code="a">2022-09-06</subfield>
        </datafield>
    </record>