
    <record>
        <leader>04029nab a2200589 u 4500</leader>
        <controlfield tag="001">9915798995107426</controlfield>
        <controlfield tag="005">20221121063232.0</controlfield>
        <controlfield tag="008">190702e20190411xx |||||o|||||||||||eng||</controlfield>
        <datafield tag="016" ind1="7" ind2=" ">
            <subfield code="a">IND606489860</subfield>
            <subfield code="2">DNAL</subfield>
        </datafield>
        <datafield tag="024" ind1="7" ind2=" ">
            <subfield code="a">10.3390/f10040326</subfield>
            <subfield code="2">doi</subfield>
        </datafield>
        <datafield tag="035" ind1=" " ind2=" ">
            <subfield code="a">agid:6489860-01nal_inst</subfield>
        </datafield>
        <datafield tag="040" ind1=" " ind2=" ">
            <subfield code="a">AGL</subfield>
            <subfield code="b">eng</subfield>
            <subfield code="c">AGL</subfield>
        </datafield>
        <datafield tag="100" ind1="1" ind2=" ">
            <subfield code="a">Beloiu, Mirela </subfield>
            <subfield code="e">author</subfield>
            <subfield code="u">Department of Biogeography, University of Bayreuth,
                Universitätsstraße 30, 95447 Bayreuth, Germany.
                mirela.beloiu@uni-bayreuth.de</subfield>
        </datafield>
        <datafield tag="245" ind1="1" ind2="0">
            <subfield code="a">Differences in the Spatial Structure of Two &lt;i&gt;Pinus
                cembra&lt;/i&gt; L. Populations in the Carpathian Mountains</subfield>
        </datafield>
        <datafield tag="520" ind1=" " ind2=" ">
            <subfield code="a">Pinus cembra L. is a key species of high elevation forest ecosystems
                in Europe. However, in most mountain ranges, its importance has declined
                considerably. Remnant populations are often isolated and their dynamics and
                functioning are not well understood. Here, we apply novel approaches in pattern
                analysis to two P. cembra populations in the Carpathian Mountains in order to
                identify commonalities and divergences in their spatial structure and dynamics. Four
                study sites (1.2 ha each) were investigated within the treeline ecotone in two
                protected areas that differ in terms of protection status. Based on height and
                diameter, the individuals were classified into three size-classes: sapling,
                intermediate and adult trees. Spatial distribution and interactions between tree
                sizes were analyzed using point pattern analysis. The overall structure of all trees
                was aggregated at a small distance and regular at a greater distance in the
                population from the Natura 2000 site (p = 0.002), while in the National Park
                population it was a random pattern. However, the general patterns do not apply to
                tree size classes and the relationship among them. In the Natura 2000 site, there
                was no correlation, all the trees were mixed, regardless of their size. In the
                National Park, the sapling and intermediate were strongly clustered (p = 0.001), but
                the adult trees were spatially separated from all juveniles, forming patches at a
                lower elevation. In both areas, spatial patterns indicate the dynamics of the P.
                cembra population. Whereas in the National Park population, there is evidence of an
                upward shift, which cannot be confirmed in Natura 2000, where size classes are
                completely mixed and the dynamic does not translate into an expansion of the
                population area. The spatial differences between the two populations indicate that
                conservation strategies need to be developed more individually to support the
                regeneration of these isolated populations.</subfield>
        </datafield>
        <datafield tag="592" ind1=" " ind2=" ">
            <subfield code="a">Publisher supplied data</subfield>
        </datafield>
        <datafield tag="593" ind1=" " ind2=" ">
            <subfield code="a">PubAg article</subfield>
        </datafield>
        <datafield tag="650" ind1=" " ind2="3">
            <subfield code="a">Pinus cembra</subfield>
        </datafield>
        <datafield tag="650" ind1=" " ind2="3">
            <subfield code="a">altitude</subfield>
        </datafield>
        <datafield tag="650" ind1=" " ind2="3">
            <subfield code="a">conservation areas</subfield>
        </datafield>
        <datafield tag="650" ind1=" " ind2="3">
            <subfield code="a">ecotones</subfield>
        </datafield>
        <datafield tag="650" ind1=" " ind2="3">
            <subfield code="a">forest ecosystems</subfield>
        </datafield>
        <datafield tag="650" ind1=" " ind2="3">
            <subfield code="a">juveniles</subfield>
        </datafield>
        <datafield tag="650" ind1=" " ind2="3">
            <subfield code="a">mature plants</subfield>
        </datafield>
        <datafield tag="650" ind1=" " ind2="3">
            <subfield code="a">mountains</subfield>
        </datafield>
        <datafield tag="650" ind1=" " ind2="3">
            <subfield code="a">national parks</subfield>
        </datafield>
        <datafield tag="650" ind1=" " ind2="3">
            <subfield code="a">tree classes</subfield>
        </datafield>
        <datafield tag="650" ind1=" " ind2="3">
            <subfield code="a">treeline</subfield>
        </datafield>
        <datafield tag="650" ind1=" " ind2="3">
            <subfield code="a">trees</subfield>
        </datafield>
        <datafield tag="651" ind1=" " ind2="3">
            <subfield code="a">Carpathian region</subfield>
        </datafield>
        <datafield tag="651" ind1=" " ind2="3">
            <subfield code="a">Europe</subfield>
        </datafield>
        <datafield tag="700" ind1="1" ind2=" ">
            <subfield code="a">Beierkuhnlein, Carl </subfield>
            <subfield code="e">author</subfield>
        </datafield>
        <datafield tag="773" ind1="0" ind2=" ">
            <subfield code="t">Forests.</subfield>
            <subfield code="g">2019 Apr. 11, v. 10, no. 4</subfield>
            <subfield code="d">Multidisciplinary Digital Publishing Institute</subfield>
            <subfield code="w">Journal:2257</subfield>
            <subfield code="x">1999-4907</subfield>
            <subfield code="7">nnas</subfield>
        </datafield>
        <datafield tag="787" ind1="1" ind2=" ">
            <subfield code="o">islandora_article_repository</subfield>
        </datafield>
        <datafield tag="787" ind1="1" ind2=" ">
            <subfield code="o">product_pubag</subfield>
        </datafield>
        <datafield tag="787" ind1="1" ind2=" ">
            <subfield code="o">(Journal)2257</subfield>
        </datafield>
        <datafield tag="856" ind1="4" ind2="0">
            <subfield code="u">http://dx.doi.org/10.3390/f10040326</subfield>
            <subfield code="3">Available from publisher's site</subfield>
        </datafield>
        <datafield tag="912" ind1=" " ind2=" ">
            <subfield code="a">Article</subfield>
        </datafield>
        <datafield tag="914" ind1=" " ind2=" ">
            <subfield code="a">Journal:2257</subfield>
            <subfield code="b">1999-4907</subfield>
            <subfield code="c">10</subfield>
            <subfield code="d">4</subfield>
        </datafield>
        <datafield tag="914" ind1=" " ind2=" ">
            <subfield code="f">Forests</subfield>
        </datafield>
        <datafield tag="916" ind1=" " ind2=" ">
            <subfield code="a">Batch:2278</subfield>
        </datafield>
        <datafield tag="917" ind1=" " ind2=" ">
            <subfield code="a">issued</subfield>
        </datafield>
        <datafield tag="918" ind1="2" ind2=" ">
            <subfield code="a">Multidisciplinary Digital Publishing Institute</subfield>
            <subfield code="e">provider</subfield>
            <subfield code="5">DNAL</subfield>
        </datafield>
        <datafield tag="935" ind1=" " ind2=" ">
            <subfield code="a">IND606489860</subfield>
            <subfield code="9">ExL</subfield>
        </datafield>
        <datafield tag="949" ind1=" " ind2=" ">
            <subfield code="a">2019-08-12</subfield>
        </datafield>
        <datafield tag="953" ind1=" " ind2=" ">
            <subfield code="a"
                >/data/metadata/incoming/mdpinstitute/forests-v10-i04-20190429.xml</subfield>
        </datafield>
        <datafield tag="954" ind1=" " ind2=" ">
            <subfield code="a"
                >file:/data/metadata/staging/mdpinstitute/forests-v10-i04-20190429.xml</subfield>
        </datafield>
        <datafield tag="955" ind1=" " ind2=" ">
            <subfield code="a">/data/metadata/staging/mdpinstitute/</subfield>
        </datafield>
        <datafield tag="962" ind1=" " ind2=" ">
            <subfield code="a">Batch:2278 reviewed on 2019-08-12T12:00:04Z</subfield>
        </datafield>
        <datafield tag="974" ind1=" " ind2=" ">
            <subfield code="a">agid:6489860</subfield>
        </datafield>
        <datafield tag="983" ind1=" " ind2=" ">
            <subfield code="a">2019-07-02</subfield>
        </datafield>
        <datafield tag="984" ind1=" " ind2=" ">
            <subfield code="a">2019-08-12</subfield>
        </datafield>
    </record>