
    <record>
        <leader>05572nab a2200733 u 4500</leader>
        <controlfield tag="001">9915799364807426</controlfield>
        <controlfield tag="005">20221121083617.0</controlfield>
        <controlfield tag="008">160807e201608 xx |||||o|||||||||||eng||</controlfield>
        <datafield tag="016" ind1="7" ind2=" ">
            <subfield code="a">IND605373387</subfield>
            <subfield code="2">DNAL</subfield>
        </datafield>
        <datafield tag="024" ind1="7" ind2=" ">
            <subfield code="a">10.1111/1365-2664.12656</subfield>
            <subfield code="2">doi</subfield>
        </datafield>
        <datafield tag="024" ind1="7" ind2=" ">
            <subfield code="a">10.1111/1365-2664.12656</subfield>
            <subfield code="2">chorus</subfield>
        </datafield>
        <datafield tag="035" ind1=" " ind2=" ">
            <subfield code="a">agid:5373387-01nal_inst</subfield>
        </datafield>
        <datafield tag="040" ind1=" " ind2=" ">
            <subfield code="a">AGL</subfield>
            <subfield code="b">eng</subfield>
            <subfield code="c">AGL</subfield>
        </datafield>
        <datafield tag="100" ind1="1" ind2=" ">
            <subfield code="a">Roberts, Margaret W.</subfield>
            <subfield code="e">author</subfield>
            <subfield code="u">Department of Forest Resources, University of Minnesota, St Paul, MN
                55108, USA</subfield>
        </datafield>
        <datafield tag="245" ind1="1" ind2="0">
            <subfield code="a">Long‐term impacts of variable retention harvesting on ground‐layer
                plant communities in Pinus resinosa forests</subfield>
        </datafield>
        <datafield tag="300" ind1=" " ind2=" ">
            <subfield code="a">p. 1106-1116.</subfield>
        </datafield>
        <datafield tag="500" ind1=" " ind2=" ">
            <subfield code="a">JOURNAL ARTICLE</subfield>
        </datafield>
        <datafield tag="506" ind1=" " ind2=" ">
            <subfield code="a">Resource is Open Access</subfield>
            <subfield code="f">Unrestricted online access</subfield>
            <subfield code="2">star</subfield>
        </datafield>
        <datafield tag="506" ind1=" " ind2=" ">
            <subfield code="a">Wiley License Information</subfield>
            <subfield code="f">Unrestricted online access</subfield>
            <subfield code="2">star</subfield>
        </datafield>
        <datafield tag="520" ind1=" " ind2=" ">
            <subfield code="a">Concerns about loss of biodiversity and structural complexity in
                managed forests have recently increased and led to the development of new management
                strategies focused on restoring or maintaining ecosystem functions while also
                providing wood outputs. Variable retention harvest (VRH) systems, in which mature
                overstorey trees are retained in various spatial arrangements across harvested
                areas, represent one potential approach to this problem. However, long‐term
                evaluations of the effectiveness of this strategy at sustaining plant community
                composition are needed as this strategy is increasingly applied in managed forest
                landscapes throughout the world. The forest ground layer plays a central role in
                forest ecosystem functioning, and we evaluated the long‐term (11+ year) dynamics in
                ground‐layer plant communities in response to VRH study in Pinus resinosa Aiton.
                forests. This large‐scale, manipulative study included four overstorey (control,
                small gap‐aggregated, large gap‐aggregated and dispersed) and two understorey
                (ambient and reduced shrubs) treatments replicated four times in 16‐ha stands.
                Changes in ground‐layer community composition were apparent 11 years following
                harvest, regardless of live‐tree retention pattern. Richness and diversity increased
                and were driven by introduction and colonization of ruderal species, while forest
                interior species continued to persist across treatments. All life‐forms responded
                positively to harvest with the exception of moss and clubmoss species. The lack of
                effect of spatial pattern of retention on ground‐layer plant communities was likely
                related to the presence of a dense and persistent shrub layer, a result of decades
                of fire suppression. In particular, the greatest responses to overstorey retention
                pattern occurred in areas receiving shrub reduction treatments, indicating this
                recalcitrant layer likely filtered response to retention pattern. Synthesis and
                applications. Overall, this work highlights flexibility in choosing a variable
                retention harvest approach when sustaining ground‐layer plant community diversity
                and composition are goals, but altered disturbance regimes (e.g. fire suppression,
                timber harvesting) that have facilitated the presence or formation of recalcitrant
                understories, need to be considered. The legacy effects of historical land use and
                alterations to natural disturbance regimes on the understorey in northern temperate
                forests are of equal, if not greater, importance to overstorey retention patterns in
                eliciting desired responses to variable retention harvest and need to be more
                carefully considered in future applications of this method.</subfield>
        </datafield>
        <datafield tag="592" ind1=" " ind2=" ">
            <subfield code="a">Publisher supplied data</subfield>
        </datafield>
        <datafield tag="593" ind1=" " ind2=" ">
            <subfield code="a">PubAg article</subfield>
        </datafield>
        <datafield tag="596" ind1=" " ind2=" ">
            <subfield code="c">Department of Bioproducts and Biosystems Engineering University of
                Minnesota</subfield>
            <subfield code="d">https://doi.org/10.13039/100010634</subfield>
        </datafield>
        <datafield tag="596" ind1=" " ind2=" ">
            <subfield code="c">USDA</subfield>
            <subfield code="d">https://doi.org/10.13039/100000199</subfield>
        </datafield>
        <datafield tag="650" ind1=" " ind2="3">
            <subfield code="a">Pinus resinosa</subfield>
        </datafield>
        <datafield tag="650" ind1=" " ind2="3">
            <subfield code="a">botanical composition</subfield>
        </datafield>
        <datafield tag="650" ind1=" " ind2="3">
            <subfield code="a">community structure</subfield>
        </datafield>
        <datafield tag="650" ind1=" " ind2="3">
            <subfield code="a">fire suppression</subfield>
        </datafield>
        <datafield tag="650" ind1=" " ind2="3">
            <subfield code="a">forest ecosystems</subfield>
        </datafield>
        <datafield tag="650" ind1=" " ind2="3">
            <subfield code="a">harvesting</subfield>
        </datafield>
        <datafield tag="650" ind1=" " ind2="3">
            <subfield code="a">land use</subfield>
        </datafield>
        <datafield tag="650" ind1=" " ind2="3">
            <subfield code="a">landscapes</subfield>
        </datafield>
        <datafield tag="650" ind1=" " ind2="3">
            <subfield code="a">logging</subfield>
        </datafield>
        <datafield tag="650" ind1=" " ind2="3">
            <subfield code="a">mosses and liverworts</subfield>
        </datafield>
        <datafield tag="650" ind1=" " ind2="3">
            <subfield code="a">overstory</subfield>
        </datafield>
        <datafield tag="650" ind1=" " ind2="3">
            <subfield code="a">plant communities</subfield>
        </datafield>
        <datafield tag="650" ind1=" " ind2="3">
            <subfield code="a">retained trees</subfield>
        </datafield>
        <datafield tag="650" ind1=" " ind2="3">
            <subfield code="a">shrubs</subfield>
        </datafield>
        <datafield tag="650" ind1=" " ind2="3">
            <subfield code="a">temperate forests</subfield>
        </datafield>
        <datafield tag="650" ind1=" " ind2="3">
            <subfield code="a">understory</subfield>
        </datafield>
        <datafield tag="650" ind1=" " ind2="3">
            <subfield code="a">wood</subfield>
        </datafield>
        <datafield tag="700" ind1="1" ind2=" ">
            <subfield code="a">D'Amato, Anthony W.</subfield>
            <subfield code="e">author</subfield>
            <subfield code="u">Rubenstein School of Environment and Natural Resources, University of
                Vermont, Burlington, VT 05095, USA</subfield>
        </datafield>
        <datafield tag="700" ind1="1" ind2=" ">
            <subfield code="a">Kern, Christel C.</subfield>
            <subfield code="e">author</subfield>
            <subfield code="u">Northern Research Station, USDA Forest Service, Rhinelander, WI
                54501, USA</subfield>
        </datafield>
        <datafield tag="700" ind1="1" ind2=" ">
            <subfield code="a">Palik, Brian J.</subfield>
            <subfield code="e">author</subfield>
            <subfield code="u">Northern Research Station, USDA Forest Service, Grand Rapids, MN
                55744, USA</subfield>
        </datafield>
        <datafield tag="773" ind1="0" ind2=" ">
            <subfield code="t">Journal of applied ecology.</subfield>
            <subfield code="g">2016 Aug., v. 53, no. 4 p.1106-1116</subfield>
            <subfield code="d">John Wiley &amp; Sons, Ltd</subfield>
            <subfield code="x">0021-8901</subfield>
            <subfield code="7">nnas</subfield>
        </datafield>
        <datafield tag="787" ind1="1" ind2=" ">
            <subfield code="o">islandora_article_repository</subfield>
        </datafield>
        <datafield tag="787" ind1="1" ind2=" ">
            <subfield code="o">product_pubag</subfield>
        </datafield>
        <datafield tag="787" ind1="1" ind2=" ">
            <subfield code="o">(Journal)jnl57298</subfield>
        </datafield>
        <datafield tag="856" ind1="4" ind2="0">
            <subfield code="u">http://dx.doi.org/10.1111/1365-2664.12656</subfield>
            <subfield code="3">Available from publisher's site</subfield>
        </datafield>
        <datafield tag="903" ind1=" " ind2=" ">
            <subfield code="a">Version of Record</subfield>
        </datafield>
        <datafield tag="912" ind1=" " ind2=" ">
            <subfield code="a">Article</subfield>
        </datafield>
        <datafield tag="914" ind1=" " ind2=" ">
            <subfield code="a">Journal:jnl57298</subfield>
            <subfield code="b">0021-8901</subfield>
            <subfield code="c">53</subfield>
            <subfield code="d">4</subfield>
            <subfield code="e">1106</subfield>
        </datafield>
        <datafield tag="914" ind1=" " ind2=" ">
            <subfield code="f">Journal of applied ecology</subfield>
        </datafield>
        <datafield tag="916" ind1=" " ind2=" ">
            <subfield code="a">Batch:1516</subfield>
        </datafield>
        <datafield tag="917" ind1=" " ind2=" ">
            <subfield code="a">issued</subfield>
        </datafield>
        <datafield tag="918" ind1="2" ind2=" ">
            <subfield code="a">John Wiley &amp; Sons, Inc</subfield>
            <subfield code="e">provider</subfield>
            <subfield code="5">DNAL</subfield>
        </datafield>
        <datafield tag="935" ind1=" " ind2=" ">
            <subfield code="a">IND605373387</subfield>
            <subfield code="9">ExL</subfield>
        </datafield>
        <datafield tag="949" ind1=" " ind2=" ">
            <subfield code="a">2020-03-06</subfield>
        </datafield>
        <datafield tag="953" ind1=" " ind2=" ">
            <subfield code="a">00218901_2016_53_4.xml</subfield>
        </datafield>
        <datafield tag="961" ind1=" " ind2=" ">
            <subfield code="a">USDA/FS</subfield>
        </datafield>
        <datafield tag="962" ind1=" " ind2=" ">
            <subfield code="a">Batch:1516 reviewed on 2017-01-31T13:00:02Z</subfield>
        </datafield>
        <datafield tag="974" ind1=" " ind2=" ">
            <subfield code="a">agid:5373387</subfield>
        </datafield>
        <datafield tag="983" ind1=" " ind2=" ">
            <subfield code="a">2016-08-07</subfield>
        </datafield>
        <datafield tag="984" ind1=" " ind2=" ">
            <subfield code="a">2020-03-06</subfield>
        </datafield>
    </record>