
    <record>
        <leader>03656nab a2200397 u 4500</leader>
        <controlfield tag="001">9915799729607426</controlfield>
        <controlfield tag="005">20221123044925.0</controlfield>
        <controlfield tag="008">980407e199708 mau|||||o|||||||||||eng||</controlfield>
        <datafield tag="016" ind1="7" ind2=" ">
            <subfield code="a">IND20629875</subfield>
            <subfield code="2">DNAL</subfield>
        </datafield>
        <datafield tag="024" ind1="7" ind2=" ">
            <subfield code="a">10.1175/1520-0442(1997)010&lt;1836:SATVOS&gt;2.0.CO;2</subfield>
            <subfield code="2">doi</subfield>
        </datafield>
        <datafield tag="035" ind1=" " ind2=" ">
            <subfield code="a">agid:1976078-01nal_inst</subfield>
        </datafield>
        <datafield tag="040" ind1=" " ind2=" ">
            <subfield code="a">AGL</subfield>
            <subfield code="b">eng</subfield>
            <subfield code="c">AGL</subfield>
        </datafield>
        <datafield tag="100" ind1="1" ind2=" ">
            <subfield code="a">Haston, L.</subfield>
        </datafield>
        <datafield tag="245" ind1="1" ind2="0">
            <subfield code="a">Spatial and temporal variability of Southern California precipitation
                over the last 400 yr and relationships to atmospheric circulation
                patterns</subfield>
        </datafield>
        <datafield tag="300" ind1=" " ind2=" ">
            <subfield code="a">p. 1836-1852.</subfield>
        </datafield>
        <datafield tag="520" ind1=" " ind2=" ">
            <subfield code="a">Tree-ring chronologies have been used to develop a 400-yr spatial
                reconstruction of precipitation in coastal and near-interior southern California.
                This was accomplished by reconstructing the first two precipitation principal
                components of a 29-station network, which together account for over 83% of the
                precipition variance. The first precipitation principal component is representative
                of a regionwide pattern of above or below normal precipitation and is reconstructed
                well. Reconstruction of the second precipitation principal component, which
                represents a north-south contrast in precipitation, is less reliable but still
                provides useful information. Results show that mean regionwide precipitation during
                the last 100 yr has been unusually high and less variable compared to other periods
                in the past. The modern period of the record has also been characterized by a high
                degree of north-south contrast but not unusually high compared to the record as a
                whole. Strong contrast during the modern period is due to anomalously wet conditions
                in the southern part of the region, but this does not characterize all earlier
                periods. Fluctuations in high-frequency variability have been much larger than
                fluctuations in mean for both the first and second precipitation principal
                components. Most notable are the low variance in the early eighteenth century and
                the high variance in the middle of the nineteenth century. An intriguing hypothesis
                that arises from this study is that there may be important long-term fluctuations in
                the spatial pattern of precipitation anomalies. For approximately the first 200 yr
                of the precipitation reconstruction (1560-1760), precipitation anomalies were more
                common in the northern part of the study area than the southern. Comparisons of
                modern precipitation records with sea level pressure data indicate that this is
                likely to occur during periods of strong meridional flow. This suggests that there
                may have been a higher frequency of blocking and meridional flow over California and
                the eastern Pacific during the Little Ice Age. In any case, it appears that the main
                difference in precipitation was not a change in the regionwide mean, but in the
                spatial distribution of anomalies.</subfield>
        </datafield>
        <datafield tag="650" ind1=" " ind2="3">
            <subfield code="a">dendrochronology</subfield>
        </datafield>
        <datafield tag="700" ind1="1" ind2=" ">
            <subfield code="a">Michaelsen, J.</subfield>
        </datafield>
        <datafield tag="773" ind1="0" ind2=" ">
            <subfield code="t">Journal of climate.</subfield>
            <subfield code="g">1997 Aug., v. 10, no. 8 p.1836-1852</subfield>
            <subfield code="w">Journal:21248</subfield>
            <subfield code="x">0894-8755</subfield>
            <subfield code="7">nnas</subfield>
        </datafield>
        <datafield tag="787" ind1="1" ind2=" ">
            <subfield code="o">islandora_article_repository</subfield>
        </datafield>
        <datafield tag="787" ind1="1" ind2=" ">
            <subfield code="o">(Journal)21248</subfield>
        </datafield>
        <datafield tag="852" ind1=" " ind2=" ">
            <subfield code="a">DNAL</subfield>
        </datafield>
        <datafield tag="856" ind1="4" ind2="0">
            <subfield code="u"
                >http://dx.doi.org/10.1175/1520-0442(1997)010&lt;1836:SATVOS&gt;2.0.CO;2</subfield>
            <subfield code="3">Available from publisher's Web site</subfield>
        </datafield>
        <datafield tag="912" ind1=" " ind2=" ">
            <subfield code="a">Article</subfield>
        </datafield>
        <datafield tag="914" ind1=" " ind2=" ">
            <subfield code="a">Journal:21248</subfield>
        </datafield>
        <datafield tag="914" ind1=" " ind2=" ">
            <subfield code="f">J. climate</subfield>
        </datafield>
        <datafield tag="917" ind1=" " ind2=" ">
            <subfield code="a">reindex</subfield>
        </datafield>
        <datafield tag="930" ind1=" " ind2=" ">
            <subfield code="a">19980502</subfield>
            <subfield code="b">19980508</subfield>
            <subfield code="c">00000000</subfield>
        </datafield>
        <datafield tag="935" ind1=" " ind2=" ">
            <subfield code="a">IND20629875</subfield>
            <subfield code="9">ExL</subfield>
        </datafield>
        <datafield tag="945" ind1=" " ind2=" ">
            <subfield code="a">IND</subfield>
            <subfield code="d">GK1</subfield>
        </datafield>
        <datafield tag="946" ind1=" " ind2=" ">
            <subfield code="a">Other US</subfield>
        </datafield>
        <datafield tag="952" ind1=" " ind2=" ">
            <subfield code="a">19980502 19980508 00000000</subfield>
            <subfield code="b">IND GK1 </subfield>
            <subfield code="c">Minimum level record</subfield>
        </datafield>
        <datafield tag="974" ind1=" " ind2=" ">
            <subfield code="a">agid:1976078</subfield>
        </datafield>
        <datafield tag="984" ind1=" " ind2=" ">
            <subfield code="a">2014-12-25</subfield>
        </datafield>
        <datafield tag="985" ind1=" " ind2=" ">
            <subfield code="a">Converted from MARCXML to MODS version 3.4 using
                MARC21slim2MODS3-4.xsl (Revision 1.95 2014/04/23)</subfield>
        </datafield>
        <datafield tag="986" ind1=" " ind2=" ">
            <subfield code="a">3270147</subfield>
        </datafield>
    </record>