
    <record>
        <leader>04361nab a2200601 u 4500</leader>
        <controlfield tag="001">9915800016507426</controlfield>
        <controlfield tag="005">20221121114655.0</controlfield>
        <controlfield tag="008">150210e201312 xx |||||o|||||||||||eng||</controlfield>
        <datafield tag="016" ind1="7" ind2=" ">
            <subfield code="a">IND500705990</subfield>
            <subfield code="2">DNAL</subfield>
        </datafield>
        <datafield tag="024" ind1="7" ind2=" ">
            <subfield code="a">10.1007/s00468-013-0920-y</subfield>
            <subfield code="2">doi</subfield>
        </datafield>
        <datafield tag="035" ind1=" " ind2=" ">
            <subfield code="a">agid:613445-01nal_inst</subfield>
        </datafield>
        <datafield tag="040" ind1=" " ind2=" ">
            <subfield code="a">AGL</subfield>
            <subfield code="b">eng</subfield>
            <subfield code="c">AGL</subfield>
        </datafield>
        <datafield tag="100" ind1="1" ind2=" ">
            <subfield code="a">Yan, Qiaoling</subfield>
            <subfield code="e">author</subfield>
            <subfield code="u">State Key Laboratory of Forest and Soil Ecology, Institute of Applied
                Ecology, Chinese Academy of Sciences, Shenyang, 110164, China,</subfield>
        </datafield>
        <datafield tag="245" ind1="1" ind2="0">
            <subfield code="a">Comparison of spatial patterns of soil seed banks between larch
                plantations and adjacent secondary forests in Northeast China: implication for
                spatial distribution of larch plantations</subfield>
        </datafield>
        <datafield tag="300" ind1=" " ind2=" ">
            <subfield code="a">p. 1747-1754.</subfield>
        </datafield>
        <datafield tag="520" ind1=" " ind2=" ">
            <subfield code="a">In response to increasing timber demands, the natural secondary
                forest (NSF) is largely converted to larch plantation (LP) in Northeast China.
                However, it causes a series of problems such as mono-species composition, declined
                soil fertility and unsustainable productivity. On the other hand, it brings a great
                challenge for the forest managers to answer how to keep the LP with higher natural
                regeneration capability and how to change the pure plantations into mixed forests
                with more complex stand structures. Two typical spatial distribution patterns of LP
                within the NSF ecosystem, i.e., the Contour Type (CT, NSF and LP locating at the
                same slope position and aspect) and the Up-and-Down Type (UDT, LP locating at the
                down slope of adjacent NSF in the same aspect) were selected. The objectives of this
                study were to find out the optimal spatial distribution type of the LP to improve
                the regeneration potential (i.e., seeds in the soil stock) and the possibility
                inducing them into larch-broadleaved mixed forests. The spatial patterns of seed
                bank along the transects with the NSF-boundary-LP gradient were compared between CT
                and UDT. We found that in the CT stands, seed density of all species varied as a
                quadratic curve from NSF to LP and the largest seed density occurred at the
                boundary; for the dominant tree species in NSF, seed density of Fraxinus
                rhynchophylla tended to decrease logarithmically from NSF to LP and the seeds could
                only appear at 4 m away from the boundary in LP; litter depth was closely correlated
                with seed density and species richness in seed bank. In the UDT stands, seed density
                of all species tended to increase linearly from NSF to LP, and seed density in LP
                was 1.95 times higher than that in NSF significantly; seed densities of F.
                rhynchophylla and Acer mono increased as a quadratic curve from NSF to LP; the
                canopy openness was linearly correlated with seed density. Our results indicated
                that the establishment of the Up (NSF)-and-Down (LP) Type of stands could be more
                feasible for seed invasion. Comparative studies on the patterns of seed banks across
                the two spatial distribution types of larch plantations within the secondary forest
                ecosystem may provide some new insights into the tending measures on the LP
                management.</subfield>
        </datafield>
        <datafield tag="592" ind1=" " ind2=" ">
            <subfield code="a">Publisher supplied data</subfield>
        </datafield>
        <datafield tag="593" ind1=" " ind2=" ">
            <subfield code="a">PubAg article</subfield>
        </datafield>
        <datafield tag="650" ind1=" " ind2="3">
            <subfield code="a">Acer pictum subsp. mono</subfield>
        </datafield>
        <datafield tag="650" ind1=" " ind2="3">
            <subfield code="a">Fraxinus</subfield>
        </datafield>
        <datafield tag="650" ind1=" " ind2="3">
            <subfield code="a">buried seeds</subfield>
        </datafield>
        <datafield tag="650" ind1=" " ind2="3">
            <subfield code="a">canopy</subfield>
        </datafield>
        <datafield tag="650" ind1=" " ind2="3">
            <subfield code="a">ecosystems</subfield>
        </datafield>
        <datafield tag="650" ind1=" " ind2="3">
            <subfield code="a">mixed forests</subfield>
        </datafield>
        <datafield tag="650" ind1=" " ind2="3">
            <subfield code="a">natural regeneration</subfield>
        </datafield>
        <datafield tag="650" ind1=" " ind2="3">
            <subfield code="a">plantations</subfield>
        </datafield>
        <datafield tag="650" ind1=" " ind2="3">
            <subfield code="a">secondary forests</subfield>
        </datafield>
        <datafield tag="650" ind1=" " ind2="3">
            <subfield code="a">soil</subfield>
        </datafield>
        <datafield tag="650" ind1=" " ind2="3">
            <subfield code="a">soil fertility</subfield>
        </datafield>
        <datafield tag="650" ind1=" " ind2="3">
            <subfield code="a">species diversity</subfield>
        </datafield>
        <datafield tag="650" ind1=" " ind2="3">
            <subfield code="a">trees</subfield>
        </datafield>
        <datafield tag="651" ind1=" " ind2="3">
            <subfield code="a">China</subfield>
        </datafield>
        <datafield tag="700" ind1="1" ind2=" ">
            <subfield code="a">Zhu, Jiaojun</subfield>
            <subfield code="e">author</subfield>
        </datafield>
        <datafield tag="700" ind1="1" ind2=" ">
            <subfield code="a">Gang, Qun</subfield>
            <subfield code="e">author</subfield>
        </datafield>
        <datafield tag="773" ind1="0" ind2=" ">
            <subfield code="t">Trees.</subfield>
            <subfield code="g">2013 Dec., v. 27, no. 6 p.1747-1754</subfield>
            <subfield code="d">Springer-Verlag</subfield>
            <subfield code="x">0931-1890</subfield>
            <subfield code="7">nnas</subfield>
        </datafield>
        <datafield tag="787" ind1="1" ind2=" ">
            <subfield code="o">islandora_article_repository</subfield>
        </datafield>
        <datafield tag="787" ind1="1" ind2=" ">
            <subfield code="o">product_pubag</subfield>
        </datafield>
        <datafield tag="787" ind1="1" ind2=" ">
            <subfield code="o">(Journal)jnl43090</subfield>
        </datafield>
        <datafield tag="856" ind1="4" ind2="0">
            <subfield code="u">http://dx.doi.org/10.1007/s00468-013-0920-y</subfield>
            <subfield code="3">Available from publisher's site</subfield>
        </datafield>
        <datafield tag="912" ind1=" " ind2=" ">
            <subfield code="a">Article</subfield>
        </datafield>
        <datafield tag="914" ind1=" " ind2=" ">
            <subfield code="a">Journal:jnl43090</subfield>
            <subfield code="b">0931-1890</subfield>
            <subfield code="c">27</subfield>
            <subfield code="d">6</subfield>
            <subfield code="e">1747</subfield>
        </datafield>
        <datafield tag="914" ind1=" " ind2=" ">
            <subfield code="f">Trees</subfield>
        </datafield>
        <datafield tag="917" ind1=" " ind2=" ">
            <subfield code="a">issued</subfield>
        </datafield>
        <datafield tag="918" ind1="2" ind2=" ">
            <subfield code="a">Springer</subfield>
            <subfield code="e">provider</subfield>
            <subfield code="5">DNAL</subfield>
        </datafield>
        <datafield tag="935" ind1=" " ind2=" ">
            <subfield code="a">IND500705990</subfield>
            <subfield code="9">ExL</subfield>
        </datafield>
        <datafield tag="949" ind1=" " ind2=" ">
            <subfield code="a">2014-04-24</subfield>
        </datafield>
        <datafield tag="953" ind1=" " ind2=" ">
            <subfield code="a">ftp_PUB_13-11-13_05-37-55.zip</subfield>
        </datafield>
        <datafield tag="962" ind1=" " ind2=" ">
            <subfield code="a">Batch:480 annotated on 2014-03-25T07:29:07Z</subfield>
        </datafield>
        <datafield tag="962" ind1=" " ind2=" ">
            <subfield code="a">Batch:480 reviewed on 2014-04-23T04:00:02Z</subfield>
        </datafield>
        <datafield tag="962" ind1=" " ind2=" ">
            <subfield code="a">Batch:480 reviewed on 2014-04-24T04:00:03Z</subfield>
        </datafield>
        <datafield tag="974" ind1=" " ind2=" ">
            <subfield code="a">agid:613445</subfield>
        </datafield>
        <datafield tag="983" ind1=" " ind2=" ">
            <subfield code="a">2015-02-10</subfield>
        </datafield>
        <datafield tag="984" ind1=" " ind2=" ">
            <subfield code="a">2015-02-10</subfield>
        </datafield>
    </record>