
    <record>
        <leader>04192nab a2200577 u 4500</leader>
        <controlfield tag="001">9915800188407426</controlfield>
        <controlfield tag="005">20221120204827.0</controlfield>
        <controlfield tag="008">150808e20120710xx |||||o|||||||||||eng||</controlfield>
        <datafield tag="016" ind1="7" ind2=" ">
            <subfield code="a">IND44757946</subfield>
            <subfield code="2">DNAL</subfield>
        </datafield>
        <datafield tag="024" ind1="7" ind2=" ">
            <subfield code="a">10.1016/j.ecolmodel.2012.04.003</subfield>
            <subfield code="2">doi</subfield>
        </datafield>
        <datafield tag="035" ind1=" " ind2=" ">
            <subfield code="a">agid:531162-01nal_inst</subfield>
        </datafield>
        <datafield tag="040" ind1=" " ind2=" ">
            <subfield code="a">AGL</subfield>
            <subfield code="b">eng</subfield>
            <subfield code="c">AGL</subfield>
        </datafield>
        <datafield tag="100" ind1="1" ind2=" ">
            <subfield code="a">Arseneault, Justin E.</subfield>
            <subfield code="e">author</subfield>
            <subfield code="u">Purdue University, Department of Forestry and Natural Resources,
                715W. State Street, West Lafayette, IN 47907-2061, United States</subfield>
        </datafield>
        <datafield tag="245" ind1="1" ind2="0">
            <subfield code="a">Incorporating canopy gap-induced growth responses into spatially
                implicit growth model projections</subfield>
        </datafield>
        <datafield tag="300" ind1=" " ind2=" ">
            <subfield code="a">p. 120-131.</subfield>
        </datafield>
        <datafield tag="520" ind1=" " ind2=" ">
            <subfield code="a">Public land management across North America now incorporates multiple
                ecological and social values and has led to use of increasingly complex
                silvicultural systems, such as those designed to emulate natural disturbance
                regimes, in an effort to manage for this wider variety of objectives. In the eastern
                United States and Canada, canopy gap-based silvicultural systems are often used to
                promote and sustain intra-stand variability in temporal and spatial patterns. These
                are difficult to model in many of the region's growth and yield models, with the
                inherent intra-stand variability tenuously assumed to have negligible effects on
                stand responses despite increasing evidence to the contrary. Using the University of
                Maine's Acadian Forest Ecosystem Research Program (AFERP) as a test case, we
                investigated this assumption for canopy gap-based systems by first modeling the
                proportion of area potentially influenced by gaps in these systems with a discrete
                space model, and then estimating the influence of canopy gap-induced growth
                increases on growth projections of a calibrated version of the Northeast variant of
                the Forest Vegetation Simulator (FVS-NE), a spatially implicit model commonly used
                by managers in this region. Results from the discrete space model showed that,
                across both AFERP gap-based treatments, up to 52.4% of the stand area can be within
                one mature tree height of a gap edge, and that the edge area could persist for
                multiple cutting cycles (&gt;10 years), potentially having a dramatic impact on
                stand growth and yield. However, results from FVS-NE suggested the contrary, with a
                20–50% increase in growth within the edge area only increasing merchantable
                sawtimber yields by 1–5% over the course of an entire 100-year rotation. We conclude
                that edge effects are likely being severely underestimated due to limitations in the
                FVS model, most notably the relatively inflexible control of stand density
                index-based growth maximums. Short-term projections with plots not approaching these
                maximums suggest that a 20–50% edge effect could increase merchantable yields by
                15–37% in these gap-based systems, suggesting the need for significant reworking of
                the underlying FVS model.</subfield>
        </datafield>
        <datafield tag="592" ind1=" " ind2=" ">
            <subfield code="a">Publisher supplied data</subfield>
        </datafield>
        <datafield tag="593" ind1=" " ind2=" ">
            <subfield code="a">PubAg article</subfield>
        </datafield>
        <datafield tag="650" ind1=" " ind2="3">
            <subfield code="a">canopy</subfield>
        </datafield>
        <datafield tag="650" ind1=" " ind2="3">
            <subfield code="a">ecosystems</subfield>
        </datafield>
        <datafield tag="650" ind1=" " ind2="3">
            <subfield code="a">edge effects</subfield>
        </datafield>
        <datafield tag="650" ind1=" " ind2="3">
            <subfield code="a">forests</subfield>
        </datafield>
        <datafield tag="650" ind1=" " ind2="3">
            <subfield code="a">land management</subfield>
        </datafield>
        <datafield tag="650" ind1=" " ind2="3">
            <subfield code="a">models</subfield>
        </datafield>
        <datafield tag="650" ind1=" " ind2="3">
            <subfield code="a">public lands</subfield>
        </datafield>
        <datafield tag="650" ind1=" " ind2="3">
            <subfield code="a">silvicultural systems</subfield>
        </datafield>
        <datafield tag="650" ind1=" " ind2="3">
            <subfield code="a">stand density</subfield>
        </datafield>
        <datafield tag="650" ind1=" " ind2="3">
            <subfield code="a">temporal variation</subfield>
        </datafield>
        <datafield tag="650" ind1=" " ind2="3">
            <subfield code="a">trees</subfield>
        </datafield>
        <datafield tag="651" ind1=" " ind2="3">
            <subfield code="a">Canada</subfield>
        </datafield>
        <datafield tag="651" ind1=" " ind2="3">
            <subfield code="a">Maine</subfield>
        </datafield>
        <datafield tag="700" ind1="1" ind2=" ">
            <subfield code="a">Saunders, Mike R.</subfield>
            <subfield code="e">author</subfield>
        </datafield>
        <datafield tag="773" ind1="0" ind2=" ">
            <subfield code="t">Ecological modelling.</subfield>
            <subfield code="g">2012 July 10, v. 237-238 p.120-131</subfield>
            <subfield code="d">Elsevier B.V.</subfield>
            <subfield code="x">0304-3800</subfield>
            <subfield code="7">nnas</subfield>
        </datafield>
        <datafield tag="787" ind1="1" ind2=" ">
            <subfield code="o">islandora_article_repository</subfield>
        </datafield>
        <datafield tag="787" ind1="1" ind2=" ">
            <subfield code="o">product_pubag</subfield>
        </datafield>
        <datafield tag="787" ind1="1" ind2=" ">
            <subfield code="o">(Journal)jnl6191</subfield>
        </datafield>
        <datafield tag="856" ind1="4" ind2="0">
            <subfield code="u">http://dx.doi.org/10.1016/j.ecolmodel.2012.04.003</subfield>
            <subfield code="3">Available from publisher's site</subfield>
        </datafield>
        <datafield tag="912" ind1=" " ind2=" ">
            <subfield code="a">Article</subfield>
        </datafield>
        <datafield tag="914" ind1=" " ind2=" ">
            <subfield code="a">Journal:jnl6191</subfield>
            <subfield code="b">0304-3800</subfield>
            <subfield code="c">237-238</subfield>
            <subfield code="e">120</subfield>
        </datafield>
        <datafield tag="914" ind1=" " ind2=" ">
            <subfield code="f">Ecological modelling</subfield>
        </datafield>
        <datafield tag="917" ind1=" " ind2=" ">
            <subfield code="a">issued</subfield>
        </datafield>
        <datafield tag="918" ind1="2" ind2=" ">
            <subfield code="a">Elsevier B.V.</subfield>
            <subfield code="e">provider</subfield>
            <subfield code="5">DNAL</subfield>
        </datafield>
        <datafield tag="935" ind1=" " ind2=" ">
            <subfield code="a">IND44757946</subfield>
            <subfield code="9">ExL</subfield>
        </datafield>
        <datafield tag="949" ind1=" " ind2=" ">
            <subfield code="a">2014-01-16</subfield>
        </datafield>
        <datafield tag="953" ind1=" " ind2=" ">
            <subfield code="a">NAL26410030438000237000C.xml</subfield>
        </datafield>
        <datafield tag="962" ind1=" " ind2=" ">
            <subfield code="a">Batch:412 annotated on 2013-12-19T15:41:02Z</subfield>
        </datafield>
        <datafield tag="962" ind1=" " ind2=" ">
            <subfield code="a">Batch:412 reviewed on 2014-01-16T04:00:03Z</subfield>
        </datafield>
        <datafield tag="962" ind1=" " ind2=" ">
            <subfield code="a">Batch:412 reviewed on 2014-01-16T16:00:03Z</subfield>
        </datafield>
        <datafield tag="974" ind1=" " ind2=" ">
            <subfield code="a">agid:531162</subfield>
        </datafield>
        <datafield tag="983" ind1=" " ind2=" ">
            <subfield code="a">2015-08-08</subfield>
        </datafield>
        <datafield tag="984" ind1=" " ind2=" ">
            <subfield code="a">2015-08-08</subfield>
        </datafield>
    </record>