
    <record>
        <leader>04815nab a2200577 u 4500</leader>
        <controlfield tag="001">9915800307207426</controlfield>
        <controlfield tag="005">20221121083451.0</controlfield>
        <controlfield tag="008">221005e202212 xx |||||o|||||||||||eng||</controlfield>
        <datafield tag="016" ind1="7" ind2=" ">
            <subfield code="a">IND607762220</subfield>
            <subfield code="2">DNAL</subfield>
        </datafield>
        <datafield tag="024" ind1="7" ind2=" ">
            <subfield code="a">10.1186/s13595-022-01137-9</subfield>
            <subfield code="2">doi</subfield>
        </datafield>
        <datafield tag="035" ind1=" " ind2=" ">
            <subfield code="a">agid:7762220-01nal_inst</subfield>
        </datafield>
        <datafield tag="040" ind1=" " ind2=" ">
            <subfield code="a">AGL</subfield>
            <subfield code="b">eng</subfield>
            <subfield code="c">AGL</subfield>
        </datafield>
        <datafield tag="100" ind1="1" ind2=" ">
            <subfield code="a">Sola, Georgina</subfield>
            <subfield code="e">author</subfield>
            <subfield code="u">Cátedra de Ordenación Forestal, Universidad Nacional del Comahue, San
                Martín de los Andes, Neuquen, Argentina. solageor@yahoo.com.ar</subfield>
            <subfield code="1">https://orcid.org/0000-0002-2217-0305</subfield>
        </datafield>
        <datafield tag="245" ind1="1" ind2="0">
            <subfield code="a">Stand development stages and recruitment patterns influence
                fine-scale spatial genetic structure in two Patagonian Nothofagus species</subfield>
        </datafield>
        <datafield tag="300" ind1=" " ind2=" ">
            <subfield code="a">p. 21.</subfield>
        </datafield>
        <datafield tag="520" ind1=" " ind2=" ">
            <subfield code="a">KEY MESSAGE: Nothofagus alpina (Poepp. et Endl.) Oerst. and
                Nothofagus obliqua (Mirb.) Oerst forests have strong fine-scale spatial genetic
                structures. The intensity of genetic structure patterns differed according to
                species, stand development stages, life stages, and spatial arrangement of
                regeneration groups. This data becomes useful for forest management as it provides
                an understanding of how populations evolve as well as of the consequences of
                disturbances and enables the establishment of sampling strategies. CONTEXT: The
                understanding of fine-scale spatial genetic structure in natural populations is
                useful for forest management. Although Nothofagus alpina (Poepp. et Endl.) Oerst.
                and N. obliqua (Mirb.) are important species of the Patagonian forest, little is
                known about the genetic structure of their populations. AIMS: The main objectives
                were to investigate the differences in fine-scale spatial genetic structure among
                mature tree populations of both species considering two stands at different
                development stages. Genetic structure was also evaluated among life stages and
                spatial distribution groups of regeneration within the old-growth stand. METHODS:
                Genetic structure was examined by microsatellite DNA analysis of regeneration and
                mature tree populations of both species (around 1300 individuals). Gene dispersal
                distance was additionally estimated. RESULTS: In both stands and species, strong
                fine-scale spatial genetic structure and short dispersal distance were found. This
                pattern was stronger in the early successional forest, in N. obliqua populations, in
                earlier life stages, and in scattered regeneration. CONCLUSION: Stand development
                stages and recruitment patterns influence the fine-scale spatial genetic structure
                of both Nothofagus species. However, the genetic structure also differs between
                species.</subfield>
        </datafield>
        <datafield tag="592" ind1=" " ind2=" ">
            <subfield code="a">Publisher supplied data</subfield>
        </datafield>
        <datafield tag="593" ind1=" " ind2=" ">
            <subfield code="a">PubAg article</subfield>
        </datafield>
        <datafield tag="596" ind1=" " ind2=" ">
            <subfield code="a">PNFOR 044001</subfield>
            <subfield code="c">Instituto Nacional de Tecnología Agropecuaria</subfield>
        </datafield>
        <datafield tag="596" ind1=" " ind2=" ">
            <subfield code="a">PE1104064</subfield>
            <subfield code="c">Instituto Nacional de Tecnología Agropecuaria</subfield>
        </datafield>
        <datafield tag="596" ind1=" " ind2=" ">
            <subfield code="a">PIP 11220110100891</subfield>
            <subfield code="c">Consejo Nacional de Investigaciones Científicas y Técnicas</subfield>
        </datafield>
        <datafield tag="596" ind1=" " ind2=" ">
            <subfield code="a">Proyecto 04/S016</subfield>
            <subfield code="c">Universidad Nacional del Comahue (UNCOMA)</subfield>
        </datafield>
        <datafield tag="650" ind1=" " ind2="3">
            <subfield code="a">DNA</subfield>
        </datafield>
        <datafield tag="650" ind1=" " ind2="3">
            <subfield code="a">Nothofagus alpina</subfield>
        </datafield>
        <datafield tag="650" ind1=" " ind2="3">
            <subfield code="a">Nothofagus obliqua</subfield>
        </datafield>
        <datafield tag="650" ind1=" " ind2="3">
            <subfield code="a">genes</subfield>
        </datafield>
        <datafield tag="650" ind1=" " ind2="3">
            <subfield code="a">microsatellite repeats</subfield>
        </datafield>
        <datafield tag="650" ind1=" " ind2="3">
            <subfield code="a">stand development</subfield>
        </datafield>
        <datafield tag="700" ind1="1" ind2=" ">
            <subfield code="a">Marchelli, Paula</subfield>
            <subfield code="e">author</subfield>
            <subfield code="u">Consejo Nacional de Investigaciones Científicas y Técnicas (CONICET),
                Buenos Aires, Argentina</subfield>
        </datafield>
        <datafield tag="700" ind1="1" ind2=" ">
            <subfield code="a">Gallo, Leonardo</subfield>
            <subfield code="e">author</subfield>
            <subfield code="u">Grupo de Genética Ecológica y Mejoramiento Forestal, IFAB (Instituto
                de Investigaciones Forestales y Agropecuarias Bariloche) (INTA – CONICET) (Instituto
                Nacional de Tecnología Agropecuaria – Consejo Nacional de Investigaciones
                Científicas y Técnicas), Bote Modesta Victoria 4450 (8400), San Carlos de Bariloche,
                Río Negro, Argentina</subfield>
        </datafield>
        <datafield tag="700" ind1="1" ind2=" ">
            <subfield code="a">Chauchard, Luis</subfield>
            <subfield code="e">author</subfield>
            <subfield code="u">Cátedra de Ordenación Forestal, Universidad Nacional del Comahue, San
                Martín de los Andes, Neuquen, Argentina</subfield>
        </datafield>
        <datafield tag="700" ind1="1" ind2=" ">
            <subfield code="a">El Mujtar, Verónica</subfield>
            <subfield code="e">author</subfield>
            <subfield code="u">Consejo Nacional de Investigaciones Científicas y Técnicas (CONICET),
                Buenos Aires, Argentina</subfield>
        </datafield>
        <datafield tag="773" ind1="0" ind2=" ">
            <subfield code="t">Annals of forest science.</subfield>
            <subfield code="g">2022 Dec., v. 79, no. 1 p.21-21</subfield>
            <subfield code="d">Springer Paris</subfield>
            <subfield code="w">Journal:2137</subfield>
            <subfield code="x">1286-4560</subfield>
            <subfield code="7">nnas</subfield>
        </datafield>
        <datafield tag="787" ind1="1" ind2=" ">
            <subfield code="o">islandora_article_repository</subfield>
        </datafield>
        <datafield tag="787" ind1="1" ind2=" ">
            <subfield code="o">product_pubag</subfield>
        </datafield>
        <datafield tag="787" ind1="1" ind2=" ">
            <subfield code="o">(Journal)2137</subfield>
        </datafield>
        <datafield tag="856" ind1="4" ind2="0">
            <subfield code="u">https://dx.doi.org/10.1186/s13595-022-01137-9</subfield>
            <subfield code="3">Available from publisher's site</subfield>
        </datafield>
        <datafield tag="912" ind1=" " ind2=" ">
            <subfield code="a">Article</subfield>
        </datafield>
        <datafield tag="914" ind1=" " ind2=" ">
            <subfield code="a">Journal:2137</subfield>
            <subfield code="b">1286-4560</subfield>
            <subfield code="c">79</subfield>
            <subfield code="d">1</subfield>
            <subfield code="e">21</subfield>
        </datafield>
        <datafield tag="914" ind1=" " ind2=" ">
            <subfield code="f">Annals of forest science</subfield>
        </datafield>
        <datafield tag="916" ind1=" " ind2=" ">
            <subfield code="a">Batch:10247</subfield>
        </datafield>
        <datafield tag="917" ind1=" " ind2=" ">
            <subfield code="a">issued</subfield>
        </datafield>
        <datafield tag="918" ind1="2" ind2=" ">
            <subfield code="a">Springer</subfield>
            <subfield code="e">provider</subfield>
            <subfield code="5">DNAL</subfield>
        </datafield>
        <datafield tag="935" ind1=" " ind2=" ">
            <subfield code="a">IND607762220</subfield>
            <subfield code="9">ExL</subfield>
        </datafield>
        <datafield tag="949" ind1=" " ind2=" ">
            <subfield code="a">2022-05-03</subfield>
        </datafield>
        <datafield tag="953" ind1=" " ind2=" ">
            <subfield code="a"
                >/data/metadata/incoming/springer/ftp_PUB_22-10-05_05-22-01.zip</subfield>
        </datafield>
        <datafield tag="954" ind1=" " ind2=" ">
            <subfield code="a">file:/data/metadata/staging/springer/13595-79-1.xml</subfield>
        </datafield>
        <datafield tag="955" ind1=" " ind2=" ">
            <subfield code="a">/data/metadata/staging/springer/</subfield>
        </datafield>
        <datafield tag="974" ind1=" " ind2=" ">
            <subfield code="a">agid:7762220</subfield>
        </datafield>
        <datafield tag="983" ind1=" " ind2=" ">
            <subfield code="a">2022-10-05</subfield>
        </datafield>
        <datafield tag="984" ind1=" " ind2=" ">
            <subfield code="a">2022-10-05</subfield>
        </datafield>
    </record>