
    <record>
        <leader>04354nab a2200625 u 4500</leader>
        <controlfield tag="001">9915800451007426</controlfield>
        <controlfield tag="005">20221122164702.0</controlfield>
        <controlfield tag="008">220927e202212 xx |||||o|||||||||||eng||</controlfield>
        <datafield tag="016" ind1="7" ind2=" ">
            <subfield code="a">IND607693197</subfield>
            <subfield code="2">DNAL</subfield>
        </datafield>
        <datafield tag="024" ind1="7" ind2=" ">
            <subfield code="a">10.1186/s12983-022-00455-y</subfield>
            <subfield code="2">doi</subfield>
        </datafield>
        <datafield tag="035" ind1=" " ind2=" ">
            <subfield code="a">agid:7693197-01nal_inst</subfield>
        </datafield>
        <datafield tag="040" ind1=" " ind2=" ">
            <subfield code="a">AGL</subfield>
            <subfield code="b">eng</subfield>
            <subfield code="c">AGL</subfield>
        </datafield>
        <datafield tag="100" ind1="1" ind2=" ">
            <subfield code="a">Luo, Fang</subfield>
            <subfield code="e">author</subfield>
            <subfield code="u">Xishuangbanna Tropical Botanical Garden, Chinese Academy of Sciences,
                Mengla, 666303, Yunnan, China</subfield>
        </datafield>
        <datafield tag="245" ind1="1" ind2="4">
            <subfield code="a">The patterns of co-occurrence variation are explained by the low
                dependence of bark beetles (Coleoptera: Scolytinae and Platypodinae) on hosts along
                altitude gradients</subfield>
        </datafield>
        <datafield tag="300" ind1=" " ind2=" ">
            <subfield code="a">p. 10.</subfield>
        </datafield>
        <datafield tag="520" ind1=" " ind2=" ">
            <subfield code="a">BACKGROUND: Separation of biotic and abiotic impacts on species
                diversity distribution patterns across a significant climatic gradient is a
                challenge in the study of diversity maintenance mechanisms. The basic task is to
                reconcile scale-dependent effects of abiotic and biotic processes on species
                distribution models. Here, we used a hierarchical modeling method to detect the host
                specificities of bark beetles (Scolytinae and Platypodinae) with their dependent
                tree communities across a steep climatic gradient, which was embedded within a
                relatively homogenous spatial niche. RESULTS: Species turnover of both trees and
                bark beetles have an opposite pattern along the climatic proxy (represented by the
                elevation gradients) at the regional scale, but not at local spatial scales. This
                pattern confirmed the hypothesis wherein emphasis was on influences of macro-climate
                on local biotic interactions between trees and hosted bark beetle communities,
                whereas local biotic relations, represented by host specificity dependence, were
                regionally conserved. CONCLUSIONS: At a confined spatial scale, cross-taxa
                comparisons of β-diversity highlighted the importance of simultaneous impacts from
                both extrinsic factors related to geography and environment, and intrinsic factors
                related to organism characteristics. The effects of tree abundance and phylogeny
                diversity on bark beetle diversity were, to a large extent, indirect, operating via
                changes in bark beetle abundance through spatial and temporal dynamics of resources
                distribution. Tree host dependence, which was considered and represented by host
                specificities, plays a minor role on the hosted beetle community in this concealed
                wood decomposing interacting system.</subfield>
        </datafield>
        <datafield tag="592" ind1=" " ind2=" ">
            <subfield code="a">Publisher supplied data</subfield>
        </datafield>
        <datafield tag="593" ind1=" " ind2=" ">
            <subfield code="a">PubAg article</subfield>
        </datafield>
        <datafield tag="596" ind1=" " ind2=" ">
            <subfield code="a">31200322</subfield>
            <subfield code="c">National Natural Science Foundation of China-Yunnan Joint
                Fund</subfield>
        </datafield>
        <datafield tag="596" ind1=" " ind2=" ">
            <subfield code="a">31760171</subfield>
            <subfield code="c">National Natural Science Foundation of China-Yunnan Joint
                Fund</subfield>
        </datafield>
        <datafield tag="650" ind1=" " ind2="3">
            <subfield code="a">Scolytidae</subfield>
        </datafield>
        <datafield tag="650" ind1=" " ind2="3">
            <subfield code="a">altitude</subfield>
        </datafield>
        <datafield tag="650" ind1=" " ind2="3">
            <subfield code="a">bark</subfield>
        </datafield>
        <datafield tag="650" ind1=" " ind2="3">
            <subfield code="a">bark beetles</subfield>
        </datafield>
        <datafield tag="650" ind1=" " ind2="3">
            <subfield code="a">geographical distribution</subfield>
        </datafield>
        <datafield tag="650" ind1=" " ind2="3">
            <subfield code="a">host specificity</subfield>
        </datafield>
        <datafield tag="650" ind1=" " ind2="3">
            <subfield code="a">insect communities</subfield>
        </datafield>
        <datafield tag="650" ind1=" " ind2="3">
            <subfield code="a">phylogeny</subfield>
        </datafield>
        <datafield tag="650" ind1=" " ind2="3">
            <subfield code="a">species diversity</subfield>
        </datafield>
        <datafield tag="650" ind1=" " ind2="3">
            <subfield code="a">temporal variation</subfield>
        </datafield>
        <datafield tag="650" ind1=" " ind2="3">
            <subfield code="a">trees</subfield>
        </datafield>
        <datafield tag="650" ind1=" " ind2="3">
            <subfield code="a">wood</subfield>
        </datafield>
        <datafield tag="650" ind1=" " ind2="3">
            <subfield code="a">zoology</subfield>
        </datafield>
        <datafield tag="700" ind1="1" ind2=" ">
            <subfield code="a">Meng, Ling-Zeng</subfield>
            <subfield code="e">author</subfield>
            <subfield code="u">College of Biological and Agricultural Sciences, Honghe University,
                Mengzi, 661199, Yunnan, China. lingzeng_meng@126.com</subfield>
            <subfield code="1">https://orcid.org/0000-0002-0566-1647</subfield>
        </datafield>
        <datafield tag="700" ind1="1" ind2=" ">
            <subfield code="a">Wang, Jian</subfield>
            <subfield code="e">author</subfield>
            <subfield code="u">College of Biological and Agricultural Sciences, Honghe University,
                Mengzi, 661199, Yunnan, China</subfield>
        </datafield>
        <datafield tag="700" ind1="1" ind2=" ">
            <subfield code="a">Liu, Yan-Hong</subfield>
            <subfield code="e">author</subfield>
            <subfield code="u">College of Biological and Agricultural Sciences, Honghe University,
                Mengzi, 661199, Yunnan, China</subfield>
        </datafield>
        <datafield tag="773" ind1="0" ind2=" ">
            <subfield code="t">Frontiers in zoology.</subfield>
            <subfield code="g">2022 Dec., v. 19, no. 1 p.10-10</subfield>
            <subfield code="d">BioMed Central</subfield>
            <subfield code="w">Journal:J000001775</subfield>
            <subfield code="x">1742-9994</subfield>
            <subfield code="7">nnas</subfield>
        </datafield>
        <datafield tag="787" ind1="1" ind2=" ">
            <subfield code="o">islandora_article_repository</subfield>
        </datafield>
        <datafield tag="787" ind1="1" ind2=" ">
            <subfield code="o">product_pubag</subfield>
        </datafield>
        <datafield tag="787" ind1="1" ind2=" ">
            <subfield code="o">(Journal)J000001775</subfield>
        </datafield>
        <datafield tag="856" ind1="4" ind2="0">
            <subfield code="u">https://dx.doi.org/10.1186/s12983-022-00455-y</subfield>
            <subfield code="3">Available from publisher's site</subfield>
        </datafield>
        <datafield tag="912" ind1=" " ind2=" ">
            <subfield code="a">Article</subfield>
        </datafield>
        <datafield tag="914" ind1=" " ind2=" ">
            <subfield code="a">Journal:J000001775</subfield>
            <subfield code="b">1742-9994</subfield>
            <subfield code="c">19</subfield>
            <subfield code="d">1</subfield>
            <subfield code="e">10</subfield>
        </datafield>
        <datafield tag="914" ind1=" " ind2=" ">
            <subfield code="f">Frontiers in zoology</subfield>
        </datafield>
        <datafield tag="916" ind1=" " ind2=" ">
            <subfield code="a">Batch:10242</subfield>
        </datafield>
        <datafield tag="917" ind1=" " ind2=" ">
            <subfield code="a">issued</subfield>
        </datafield>
        <datafield tag="918" ind1="2" ind2=" ">
            <subfield code="a">Springer</subfield>
            <subfield code="e">provider</subfield>
            <subfield code="5">DNAL</subfield>
        </datafield>
        <datafield tag="935" ind1=" " ind2=" ">
            <subfield code="a">IND607693197</subfield>
            <subfield code="9">ExL</subfield>
        </datafield>
        <datafield tag="949" ind1=" " ind2=" ">
            <subfield code="a">2022-04-14</subfield>
        </datafield>
        <datafield tag="953" ind1=" " ind2=" ">
            <subfield code="a"
                >/data/metadata/incoming/springer/ftp_PUB_22-09-27_05-36-06.zip</subfield>
        </datafield>
        <datafield tag="954" ind1=" " ind2=" ">
            <subfield code="a">file:/data/metadata/staging/springer/12983-19-1.xml</subfield>
        </datafield>
        <datafield tag="955" ind1=" " ind2=" ">
            <subfield code="a">/data/metadata/staging/springer/</subfield>
        </datafield>
        <datafield tag="974" ind1=" " ind2=" ">
            <subfield code="a">agid:7693197</subfield>
        </datafield>
        <datafield tag="983" ind1=" " ind2=" ">
            <subfield code="a">2022-09-27</subfield>
        </datafield>
        <datafield tag="984" ind1=" " ind2=" ">
            <subfield code="a">2022-09-27</subfield>
        </datafield>
    </record>