
    <record>
        <leader>03840nab a2200565 u 4500</leader>
        <controlfield tag="001">9915800738707426</controlfield>
        <controlfield tag="005">20221121031149.0</controlfield>
        <controlfield tag="008">180508e201804 xx |||||o|||||||||||eng||</controlfield>
        <datafield tag="016" ind1="7" ind2=" ">
            <subfield code="a">IND605940167</subfield>
            <subfield code="2">DNAL</subfield>
        </datafield>
        <datafield tag="024" ind1="7" ind2=" ">
            <subfield code="a">10.1002/ecs2.2194</subfield>
            <subfield code="2">doi</subfield>
        </datafield>
        <datafield tag="035" ind1=" " ind2=" ">
            <subfield code="a">agid:5940167-01nal_inst</subfield>
        </datafield>
        <datafield tag="040" ind1=" " ind2=" ">
            <subfield code="a">AGL</subfield>
            <subfield code="b">eng</subfield>
            <subfield code="c">AGL</subfield>
        </datafield>
        <datafield tag="100" ind1="1" ind2=" ">
            <subfield code="a">Baxter, Peter W. J.</subfield>
            <subfield code="e">author</subfield>
        </datafield>
        <datafield tag="245" ind1="1" ind2="0">
            <subfield code="a">Learning to fly: integrating spatial ecology with unmanned aerial
                vehicle surveys</subfield>
        </datafield>
        <datafield tag="500" ind1=" " ind2=" ">
            <subfield code="a">JOURNAL ARTICLE</subfield>
        </datafield>
        <datafield tag="520" ind1=" " ind2=" ">
            <subfield code="a">Despite the increasing importance of new survey tools such as
                unmanned aerial vehicles (UAVs), the implications of how their spatial deployment
                may interact with species detection errors have not yet been assessed. Acknowledging
                and incorporating these errors are crucial for accurate population estimation and
                improved management. To address this important gap in our knowledge, and to discover
                how flight plans should be selected to reduce overall error, we simulated
                contrasting UAV flight surveys over a range of population densities and dispersion
                patterns using different detection errors. We found that if a survey is carried out
                using an individual transect that low and slow flights consistently provide the best
                estimates of abundance and occupancy. However, the greater sampling area afforded by
                higher or faster flights resulted in more complex guidelines for estimates of
                abundance or occupancy over larger study areas. For highly clustered populations,
                especially those at low densities, a high and fast survey is preferable, as its
                greater area coverage best enables detection of local occupancy. The performance
                rankings of flight plans were sensitive to the underlying species detectability and,
                to a lesser extent, population density and aggregation. This suggests that UAV
                survey plans need to account for the spatial and movement ecology of target species,
                and that flight plans should adapt as an invasive species spreads, or a threatened
                species contracts. We encapsulate our results in a decision tree to guide flight
                planning for given survey objectives, detectability, and ecological context.
                Importantly, these findings provide guidance to other fields with transect‐based
                surveys such as manned aviation and road or ground transects that trade‐off sampling
                area and precision of estimates. Promising new technologies such as UAVs will be
                best utilized by ecologists if detection errors, and their interaction with the
                spatial ecology of the species, are carefully assessed.</subfield>
        </datafield>
        <datafield tag="592" ind1=" " ind2=" ">
            <subfield code="a">Publisher supplied data</subfield>
        </datafield>
        <datafield tag="593" ind1=" " ind2=" ">
            <subfield code="a">PubAg article</subfield>
        </datafield>
        <datafield tag="650" ind1=" " ind2="3">
            <subfield code="a">aviation</subfield>
        </datafield>
        <datafield tag="650" ind1=" " ind2="3">
            <subfield code="a">decision support systems</subfield>
        </datafield>
        <datafield tag="650" ind1=" " ind2="3">
            <subfield code="a">ecologists</subfield>
        </datafield>
        <datafield tag="650" ind1=" " ind2="3">
            <subfield code="a">flight</subfield>
        </datafield>
        <datafield tag="650" ind1=" " ind2="3">
            <subfield code="a">guidelines</subfield>
        </datafield>
        <datafield tag="650" ind1=" " ind2="3">
            <subfield code="a">invasive species</subfield>
        </datafield>
        <datafield tag="650" ind1=" " ind2="3">
            <subfield code="a">planning</subfield>
        </datafield>
        <datafield tag="650" ind1=" " ind2="3">
            <subfield code="a">population density</subfield>
        </datafield>
        <datafield tag="650" ind1=" " ind2="3">
            <subfield code="a">surveys</subfield>
        </datafield>
        <datafield tag="650" ind1=" " ind2="3">
            <subfield code="a">threatened species</subfield>
        </datafield>
        <datafield tag="650" ind1=" " ind2="3">
            <subfield code="a">unmanned aerial vehicles</subfield>
        </datafield>
        <datafield tag="700" ind1="1" ind2=" ">
            <subfield code="a">Hamilton, Grant</subfield>
            <subfield code="e">author</subfield>
        </datafield>
        <datafield tag="773" ind1="0" ind2=" ">
            <subfield code="t">Ecosphere.</subfield>
            <subfield code="g">2018 Apr., v. 9, no. 4 p.e02194-</subfield>
            <subfield code="d">John Wiley &amp; Sons, Ltd</subfield>
            <subfield code="w">Journal:12363</subfield>
            <subfield code="x">2150-8925</subfield>
            <subfield code="7">nnas</subfield>
        </datafield>
        <datafield tag="787" ind1="1" ind2=" ">
            <subfield code="o">islandora_article_repository</subfield>
        </datafield>
        <datafield tag="787" ind1="1" ind2=" ">
            <subfield code="o">product_pubag</subfield>
        </datafield>
        <datafield tag="787" ind1="1" ind2=" ">
            <subfield code="o">(Journal)12363</subfield>
        </datafield>
        <datafield tag="856" ind1="4" ind2="0">
            <subfield code="u">http://dx.doi.org/10.1002/ecs2.2194</subfield>
            <subfield code="3">Available from publisher's site</subfield>
        </datafield>
        <datafield tag="912" ind1=" " ind2=" ">
            <subfield code="a">Article</subfield>
        </datafield>
        <datafield tag="914" ind1=" " ind2=" ">
            <subfield code="a">Journal:12363</subfield>
            <subfield code="b">2150-8925</subfield>
            <subfield code="c">9</subfield>
            <subfield code="d">4</subfield>
            <subfield code="e">e02194</subfield>
        </datafield>
        <datafield tag="914" ind1=" " ind2=" ">
            <subfield code="f">Ecosphere</subfield>
        </datafield>
        <datafield tag="916" ind1=" " ind2=" ">
            <subfield code="a">Batch:1992</subfield>
        </datafield>
        <datafield tag="917" ind1=" " ind2=" ">
            <subfield code="a">issued</subfield>
        </datafield>
        <datafield tag="918" ind1="2" ind2=" ">
            <subfield code="a">John Wiley &amp; Sons, Inc</subfield>
            <subfield code="e">provider</subfield>
            <subfield code="5">DNAL</subfield>
        </datafield>
        <datafield tag="935" ind1=" " ind2=" ">
            <subfield code="a">IND605940167</subfield>
            <subfield code="9">ExL</subfield>
        </datafield>
        <datafield tag="949" ind1=" " ind2=" ">
            <subfield code="a">2018-07-02</subfield>
        </datafield>
        <datafield tag="953" ind1=" " ind2=" ">
            <subfield code="a">/data/metadata/incoming/wiley/21508925_2018_9_4.xml</subfield>
        </datafield>
        <datafield tag="954" ind1=" " ind2=" ">
            <subfield code="a">file:/data/metadata/staging/wiley/21508925_2018_9_4.xml</subfield>
        </datafield>
        <datafield tag="955" ind1=" " ind2=" ">
            <subfield code="a">/data/metadata/staging/wiley/</subfield>
        </datafield>
        <datafield tag="962" ind1=" " ind2=" ">
            <subfield code="a">Batch:1992 reviewed on 2018-07-02T11:29:06Z</subfield>
        </datafield>
        <datafield tag="974" ind1=" " ind2=" ">
            <subfield code="a">agid:5940167</subfield>
        </datafield>
        <datafield tag="983" ind1=" " ind2=" ">
            <subfield code="a">2018-05-08</subfield>
        </datafield>
        <datafield tag="984" ind1=" " ind2=" ">
            <subfield code="a">2018-07-02</subfield>
        </datafield>
    </record>