
    <record>
        <leader>06214nab a2200709 u 4500</leader>
        <controlfield tag="001">9915800869007426</controlfield>
        <controlfield tag="005">20221122021147.0</controlfield>
        <controlfield tag="008">190412e201302 xx |||||o|||||||||||eng||</controlfield>
        <datafield tag="016" ind1="7" ind2=" ">
            <subfield code="a">IND600845013</subfield>
            <subfield code="2">DNAL</subfield>
        </datafield>
        <datafield tag="024" ind1="7" ind2=" ">
            <subfield code="a">10.1016/j.ecolind.2012.10.009</subfield>
            <subfield code="2">doi</subfield>
        </datafield>
        <datafield tag="035" ind1=" " ind2=" ">
            <subfield code="a">agid:845013-01nal_inst</subfield>
        </datafield>
        <datafield tag="040" ind1=" " ind2=" ">
            <subfield code="a">AGL</subfield>
            <subfield code="b">eng</subfield>
            <subfield code="c">AGL</subfield>
        </datafield>
        <datafield tag="100" ind1="1" ind2=" ">
            <subfield code="a">Gasc, A.</subfield>
            <subfield code="e">author</subfield>
            <subfield code="u">Muséum national d’Histoire naturelle, Département Systématique et
                Évolution, UMR 7205 CNRS OSEB, 45 rue Buffon, Paris, France</subfield>
        </datafield>
        <datafield tag="245" ind1="1" ind2="0">
            <subfield code="a">Assessing biodiversity with sound: Do acoustic diversity indices
                reflect phylogenetic and functional diversities of bird communities?</subfield>
        </datafield>
        <datafield tag="300" ind1=" " ind2=" ">
            <subfield code="a">p. 279-287.</subfield>
        </datafield>
        <datafield tag="520" ind1=" " ind2=" ">
            <subfield code="a">Measuring biodiversity is a challenging task for research in
                taxonomy, ecology and conservation. Biodiversity is commonly measured using metrics
                related to species richness, phylogenetic-, or functional-trait diversity of species
                assemblages. Because these metrics are not always correlated with each other, they
                have to be considered separately. A descriptor of animal diversity based on the
                diversity of sounds produced by animal communities, named here the Community
                Acoustic Diversity (CAD), was recently proposed. In many cases, the CAD could be
                easier to measure than other metrics. Although previous analyses have revealed that
                acoustic diversity might increase as species richness increases, the ability of CAD
                to reflect other components of biodiversity has not been formally investigated. The
                aim of this study is to test theoretically whether functional and phylogenetic
                diversities could be reflected by acoustic diversity indices in bird communities.
                Data on species assemblages were collated by the French Breeding Bird Survey
                describing spatial and temporal variation in community structure and composition
                across France since 2001. Phylogenetic and functional data were compiled from
                literature. Acoustic data were obtained from sound libraries. For each of the 19,420
                sites sampled, indices of phylogenetic, functional and acoustic diversity of bird
                communities were calculated based on species’ pair-wise distance matrices and
                species’ abundances. The different aspects of biodiversity were compared through
                correlation analyses. The results showed that acoustic diversity was correlated with
                phylogenetic diversity, when the branch lengths of the tree were considered, and to
                functional diversity, especially body mass and reproduction. Correlations between
                phylogenetic, functional and acoustic distances among species did not entirely
                explain the correlations between phylogenetic, functional and acoustic diversity
                within communities. This result was interpreted as an effect of local ecological
                processes underpinning how bird communities assemble. Comparing the diversity
                patterns with a null model, phylogenetic and functional diversities were
                significantly clustered whereas acoustic diversity was not different from what was
                expected by chance. A comparison between acoustic indices showed that spectral
                component of acoustic diversity seems more appropriate to reveal bird phylogenetic
                diversity whereas temporal component seems more adapted to reveal functional
                diversity of a bird community. Overall, even if the processes at the origin of the
                different facets of biodiversity are different, CAD reveals part of phylogenetic
                diversity and some extent of functional diversity.</subfield>
        </datafield>
        <datafield tag="592" ind1=" " ind2=" ">
            <subfield code="a">Publisher supplied data</subfield>
        </datafield>
        <datafield tag="593" ind1=" " ind2=" ">
            <subfield code="a">PubAg article</subfield>
        </datafield>
        <datafield tag="650" ind1=" " ind2="3">
            <subfield code="a">acoustics</subfield>
        </datafield>
        <datafield tag="650" ind1=" " ind2="3">
            <subfield code="a">animal communities</subfield>
        </datafield>
        <datafield tag="650" ind1=" " ind2="3">
            <subfield code="a">birds</subfield>
        </datafield>
        <datafield tag="650" ind1=" " ind2="3">
            <subfield code="a">breeding</subfield>
        </datafield>
        <datafield tag="650" ind1=" " ind2="3">
            <subfield code="a">community structure</subfield>
        </datafield>
        <datafield tag="650" ind1=" " ind2="3">
            <subfield code="a">functional diversity</subfield>
        </datafield>
        <datafield tag="650" ind1=" " ind2="3">
            <subfield code="a">models</subfield>
        </datafield>
        <datafield tag="650" ind1=" " ind2="3">
            <subfield code="a">phylogeny</subfield>
        </datafield>
        <datafield tag="650" ind1=" " ind2="3">
            <subfield code="a">species diversity</subfield>
        </datafield>
        <datafield tag="650" ind1=" " ind2="3">
            <subfield code="a">surveys</subfield>
        </datafield>
        <datafield tag="650" ind1=" " ind2="3">
            <subfield code="a">taxonomy</subfield>
        </datafield>
        <datafield tag="650" ind1=" " ind2="3">
            <subfield code="a">temporal variation</subfield>
        </datafield>
        <datafield tag="650" ind1=" " ind2="3">
            <subfield code="a">trees</subfield>
        </datafield>
        <datafield tag="651" ind1=" " ind2="3">
            <subfield code="a">France</subfield>
        </datafield>
        <datafield tag="653" ind1=" " ind2="0">
            <subfield code="a">Acoustic diversity</subfield>
        </datafield>
        <datafield tag="653" ind1=" " ind2="0">
            <subfield code="a">Biodiversity assessment</subfield>
        </datafield>
        <datafield tag="653" ind1=" " ind2="0">
            <subfield code="a">Bird community</subfield>
        </datafield>
        <datafield tag="653" ind1=" " ind2="0">
            <subfield code="a">Biodiversity indices</subfield>
        </datafield>
        <datafield tag="700" ind1="1" ind2=" ">
            <subfield code="a">Sueur, J.</subfield>
            <subfield code="e">author</subfield>
            <subfield code="u">Muséum national d’Histoire naturelle, Département Systématique et
                Évolution, UMR 7205 CNRS OSEB, 45 rue Buffon, Paris, France</subfield>
        </datafield>
        <datafield tag="700" ind1="1" ind2=" ">
            <subfield code="a">Jiguet, F.</subfield>
            <subfield code="e">author</subfield>
            <subfield code="u">Muséum National d’Histoire Naturelle, Département Ecologie et Gestion
                de la Biodiversité, UMR 7204-CNRS-UPMC, CP 51, 55-61 rue Buffon, 75005 Paris,
                France</subfield>
        </datafield>
        <datafield tag="700" ind1="1" ind2=" ">
            <subfield code="a">Devictor, V.</subfield>
            <subfield code="e">author</subfield>
            <subfield code="u">Université Montpellier 2, Institut des Sciences de l’Evolution, UMR
                CNRS-UM2 5554, Place Eugène Bataillon, 34095 Montpellier Cedex 05, France</subfield>
        </datafield>
        <datafield tag="700" ind1="1" ind2=" ">
            <subfield code="a">Grandcolas, P.</subfield>
            <subfield code="e">author</subfield>
            <subfield code="u">Muséum national d’Histoire naturelle, Département Systématique et
                Évolution, UMR 7205 CNRS OSEB, 45 rue Buffon, Paris, France</subfield>
        </datafield>
        <datafield tag="700" ind1="1" ind2=" ">
            <subfield code="a">Burrow, C.</subfield>
            <subfield code="e">author</subfield>
            <subfield code="u">Muséum National d’Histoire Naturelle, Département Ecologie et Gestion
                de la Biodiversité, UMR 7204-CNRS-UPMC, CP 51, 55-61 rue Buffon, 75005 Paris,
                France</subfield>
        </datafield>
        <datafield tag="700" ind1="1" ind2=" ">
            <subfield code="a">Depraetere, M.</subfield>
            <subfield code="e">author</subfield>
            <subfield code="u">Muséum national d’Histoire naturelle, Département Systématique et
                Évolution, UMR 7205 CNRS OSEB, 45 rue Buffon, Paris, France</subfield>
        </datafield>
        <datafield tag="700" ind1="1" ind2=" ">
            <subfield code="a">Pavoine, S.</subfield>
            <subfield code="e">author</subfield>
            <subfield code="u">Muséum National d’Histoire Naturelle, Département Ecologie et Gestion
                de la Biodiversité, UMR 7204-CNRS-UPMC, CP 51, 55-61 rue Buffon, 75005 Paris,
                France</subfield>
        </datafield>
        <datafield tag="773" ind1="0" ind2=" ">
            <subfield code="t">Ecological indicators.</subfield>
            <subfield code="g">2013 Feb., v. 25 p.279-287</subfield>
            <subfield code="d">Elsevier Ltd</subfield>
            <subfield code="w">Journal:6196</subfield>
            <subfield code="x">1470-160X</subfield>
            <subfield code="7">nnas</subfield>
        </datafield>
        <datafield tag="787" ind1="1" ind2=" ">
            <subfield code="o">islandora_article_repository</subfield>
        </datafield>
        <datafield tag="787" ind1="1" ind2=" ">
            <subfield code="o">product_pubag</subfield>
        </datafield>
        <datafield tag="787" ind1="1" ind2=" ">
            <subfield code="o">(Journal)6196</subfield>
        </datafield>
        <datafield tag="856" ind1="4" ind2="0">
            <subfield code="u">https://dx.doi.org/10.1016/j.ecolind.2012.10.009</subfield>
            <subfield code="3">Available from publisher's site</subfield>
        </datafield>
        <datafield tag="912" ind1=" " ind2=" ">
            <subfield code="a">Article</subfield>
        </datafield>
        <datafield tag="914" ind1=" " ind2=" ">
            <subfield code="a">Journal:6196</subfield>
            <subfield code="b">1470-160X</subfield>
            <subfield code="c">25</subfield>
            <subfield code="e">279</subfield>
        </datafield>
        <datafield tag="914" ind1=" " ind2=" ">
            <subfield code="f">Ecological indicators</subfield>
        </datafield>
        <datafield tag="916" ind1=" " ind2=" ">
            <subfield code="a">Batch:886</subfield>
        </datafield>
        <datafield tag="917" ind1=" " ind2=" ">
            <subfield code="a">issued</subfield>
        </datafield>
        <datafield tag="918" ind1="2" ind2=" ">
            <subfield code="a">Elsevier Consyn</subfield>
            <subfield code="e">provider</subfield>
            <subfield code="5">DNAL</subfield>
        </datafield>
        <datafield tag="935" ind1=" " ind2=" ">
            <subfield code="a">IND600845013</subfield>
            <subfield code="9">ExL</subfield>
        </datafield>
        <datafield tag="949" ind1=" " ind2=" ">
            <subfield code="a">2019-04-12</subfield>
        </datafield>
        <datafield tag="953" ind1=" " ind2=" ">
            <subfield code="a"
                >/data/metadata/incoming/consyn-backfiles/46-2-00099-HEAD-ONLY.zip</subfield>
        </datafield>
        <datafield tag="954" ind1=" " ind2=" ">
            <subfield code="a"
                >file:/data/metadata/staging/consyn-backfiles/S1470160X12003603.xml</subfield>
        </datafield>
        <datafield tag="955" ind1=" " ind2=" ">
            <subfield code="a">/data/metadata/staging/consyn-backfiles/</subfield>
        </datafield>
        <datafield tag="974" ind1=" " ind2=" ">
            <subfield code="a">agid:845013</subfield>
        </datafield>
        <datafield tag="983" ind1=" " ind2=" ">
            <subfield code="a">2019-04-12</subfield>
        </datafield>
        <datafield tag="984" ind1=" " ind2=" ">
            <subfield code="a">2019-04-12</subfield>
        </datafield>
    </record>