
    <record>
        <leader>04669nab a2200577 u 4500</leader>
        <controlfield tag="001">9915800931407426</controlfield>
        <controlfield tag="005">20221122101345.0</controlfield>
        <controlfield tag="008">180508e201804 xx |||||o|||||||||||eng||</controlfield>
        <datafield tag="016" ind1="7" ind2=" ">
            <subfield code="a">IND605940171</subfield>
            <subfield code="2">DNAL</subfield>
        </datafield>
        <datafield tag="024" ind1="7" ind2=" ">
            <subfield code="a">10.1002/ecs2.2187</subfield>
            <subfield code="2">doi</subfield>
        </datafield>
        <datafield tag="035" ind1=" " ind2=" ">
            <subfield code="a">agid:5940171-01nal_inst</subfield>
        </datafield>
        <datafield tag="040" ind1=" " ind2=" ">
            <subfield code="a">AGL</subfield>
            <subfield code="b">eng</subfield>
            <subfield code="c">AGL</subfield>
        </datafield>
        <datafield tag="100" ind1="1" ind2=" ">
            <subfield code="a">Cogbill, Charles V.</subfield>
            <subfield code="e">author</subfield>
            <subfield code="u">Harvard Forest, Harvard University, Petersham, Massachusetts, 01366,
                USA</subfield>
        </datafield>
        <datafield tag="245" ind1="1" ind2="2">
            <subfield code="a">A retrospective on the accuracy and precision of plotless forest
                density estimators in ecological studies</subfield>
        </datafield>
        <datafield tag="500" ind1=" " ind2=" ">
            <subfield code="a">JOURNAL ARTICLE</subfield>
        </datafield>
        <datafield tag="520" ind1=" " ind2=" ">
            <subfield code="a">Sampling point‐to‐tree distances is a simple plotless technique for
                estimating forest density that is readily applied in modern stands and retroactively
                with historical surveys. Although plotless density estimators (PDEs) have been
                applied in over 1000 ecological publications, the accuracy and precision of the
                techniques remain poorly understood and depend on the statistical estimator used,
                the underlying spatial pattern of the forest sampled, and the tree survey
                methodology. The four most commonly applied PDEs are related formulations: Cottam,
                Pollard, Morisita, and Shanks, a family of equations that differ in the order of
                mathematical operations. Since the 1950s, the Cottam IV PDE has found common use as
                the “point‐quarter method.” The Pollard PDE prevails in the statistical literature.
                Both Cottam and Pollard PDEs are theoretically rigorous for trees distributed
                according to a complete spatial randomness (CSR) spatial point process. The Morisita
                PDE was developed in a 1957 publication, with four‐tree (Morisita IV) and two‐tree
                (Morisita II) variants, and is the basis for higher distance rank g‐tree estimators.
                The Shanks PDE is formally described here for the first time. We review and evaluate
                the performance of these four PDEs on CSR and a variety of non‐CSR forests using
                spatial patterns simulated from known spatial point processes, 14 mapped modern
                stands, and historical public land surveys (PLSs). We found that the Cottam and
                Pollard PDEs lacked accuracy for non‐CSR patterns. The Morisita PDEs are appropriate
                for non‐CSR forests, but the Morisita IV has sensitivity to local dispersion. The
                Morisita II PDE has high accuracy even under non‐CSR distributions yielding density
                estimates within 10% of the true value for a variety of non‐CSR patterns, but has
                considerable variability at small sample sizes. In conjunction with the Morisita II,
                the potentially biased Cottam and Pollard PDEs can be indicators of the type of
                non‐CSR pattern. No plotless estimator is efficacious for use with small sample
                sizes such as found in a single stand. Morisita II PDE is recommended as a robust
                choice for sampling for large and non‐CSR data sets such as the PLS witness tree
                database.</subfield>
        </datafield>
        <datafield tag="592" ind1=" " ind2=" ">
            <subfield code="a">Publisher supplied data</subfield>
        </datafield>
        <datafield tag="593" ind1=" " ind2=" ">
            <subfield code="a">PubAg article</subfield>
        </datafield>
        <datafield tag="650" ind1=" " ind2="3">
            <subfield code="a">data collection</subfield>
        </datafield>
        <datafield tag="650" ind1=" " ind2="3">
            <subfield code="a">databases</subfield>
        </datafield>
        <datafield tag="650" ind1=" " ind2="3">
            <subfield code="a">equations</subfield>
        </datafield>
        <datafield tag="650" ind1=" " ind2="3">
            <subfield code="a">forests</subfield>
        </datafield>
        <datafield tag="650" ind1=" " ind2="3">
            <subfield code="a">land surveying</subfield>
        </datafield>
        <datafield tag="650" ind1=" " ind2="3">
            <subfield code="a">public lands</subfield>
        </datafield>
        <datafield tag="650" ind1=" " ind2="3">
            <subfield code="a">surveys</subfield>
        </datafield>
        <datafield tag="650" ind1=" " ind2="3">
            <subfield code="a">trees</subfield>
        </datafield>
        <datafield tag="700" ind1="1" ind2=" ">
            <subfield code="a">Thurman, Andrew L.</subfield>
            <subfield code="e">author</subfield>
            <subfield code="u">Department of Internal Medicine, University of Iowa, Iowa City, Iowa,
                52242, USA</subfield>
        </datafield>
        <datafield tag="700" ind1="1" ind2=" ">
            <subfield code="a">Williams, John W.</subfield>
            <subfield code="e">author</subfield>
        </datafield>
        <datafield tag="700" ind1="1" ind2=" ">
            <subfield code="a">Zhu, Jun</subfield>
            <subfield code="e">author</subfield>
            <subfield code="u">Department of Statistics, University of Wisconsin–Madison, Madison,
                Wisconsin, 53706, USA</subfield>
        </datafield>
        <datafield tag="700" ind1="1" ind2=" ">
            <subfield code="a">Mladenoff, David J.</subfield>
            <subfield code="e">author</subfield>
            <subfield code="u">Department of Forest and Wildlife Ecology, University of
                Wisconsin–Madison, Madison, Wisconsin, 53706, USA</subfield>
        </datafield>
        <datafield tag="700" ind1="1" ind2=" ">
            <subfield code="a">Goring, Simon J.</subfield>
            <subfield code="e">author</subfield>
            <subfield code="u">Department of Geography, University of Wisconsin–Madison, Madison,
                Wisconsin, 53706, USA</subfield>
        </datafield>
        <datafield tag="773" ind1="0" ind2=" ">
            <subfield code="t">Ecosphere.</subfield>
            <subfield code="g">2018 Apr., v. 9, no. 4 p.e02187-</subfield>
            <subfield code="d">John Wiley &amp; Sons, Ltd</subfield>
            <subfield code="w">Journal:12363</subfield>
            <subfield code="x">2150-8925</subfield>
            <subfield code="7">nnas</subfield>
        </datafield>
        <datafield tag="787" ind1="1" ind2=" ">
            <subfield code="o">islandora_article_repository</subfield>
        </datafield>
        <datafield tag="787" ind1="1" ind2=" ">
            <subfield code="o">product_pubag</subfield>
        </datafield>
        <datafield tag="787" ind1="1" ind2=" ">
            <subfield code="o">(Journal)12363</subfield>
        </datafield>
        <datafield tag="856" ind1="4" ind2="0">
            <subfield code="u">http://dx.doi.org/10.1002/ecs2.2187</subfield>
            <subfield code="3">Available from publisher's site</subfield>
        </datafield>
        <datafield tag="912" ind1=" " ind2=" ">
            <subfield code="a">Article</subfield>
        </datafield>
        <datafield tag="914" ind1=" " ind2=" ">
            <subfield code="a">Journal:12363</subfield>
            <subfield code="b">2150-8925</subfield>
            <subfield code="c">9</subfield>
            <subfield code="d">4</subfield>
            <subfield code="e">e02187</subfield>
        </datafield>
        <datafield tag="914" ind1=" " ind2=" ">
            <subfield code="f">Ecosphere</subfield>
        </datafield>
        <datafield tag="916" ind1=" " ind2=" ">
            <subfield code="a">Batch:1992</subfield>
        </datafield>
        <datafield tag="917" ind1=" " ind2=" ">
            <subfield code="a">issued</subfield>
        </datafield>
        <datafield tag="918" ind1="2" ind2=" ">
            <subfield code="a">John Wiley &amp; Sons, Inc</subfield>
            <subfield code="e">provider</subfield>
            <subfield code="5">DNAL</subfield>
        </datafield>
        <datafield tag="935" ind1=" " ind2=" ">
            <subfield code="a">IND605940171</subfield>
            <subfield code="9">ExL</subfield>
        </datafield>
        <datafield tag="949" ind1=" " ind2=" ">
            <subfield code="a">2018-07-02</subfield>
        </datafield>
        <datafield tag="953" ind1=" " ind2=" ">
            <subfield code="a">/data/metadata/incoming/wiley/21508925_2018_9_4.xml</subfield>
        </datafield>
        <datafield tag="954" ind1=" " ind2=" ">
            <subfield code="a">file:/data/metadata/staging/wiley/21508925_2018_9_4.xml</subfield>
        </datafield>
        <datafield tag="955" ind1=" " ind2=" ">
            <subfield code="a">/data/metadata/staging/wiley/</subfield>
        </datafield>
        <datafield tag="962" ind1=" " ind2=" ">
            <subfield code="a">Batch:1992 reviewed on 2018-07-02T11:29:06Z</subfield>
        </datafield>
        <datafield tag="974" ind1=" " ind2=" ">
            <subfield code="a">agid:5940171</subfield>
        </datafield>
        <datafield tag="983" ind1=" " ind2=" ">
            <subfield code="a">2018-05-08</subfield>
        </datafield>
        <datafield tag="984" ind1=" " ind2=" ">
            <subfield code="a">2018-07-02</subfield>
        </datafield>
    </record>