
    <record>
        <leader>04338nab a2200649 u 4500</leader>
        <controlfield tag="001">9915801359007426</controlfield>
        <controlfield tag="005">20221120092445.0</controlfield>
        <controlfield tag="008">010702e200106 bcc|||||o|||||||||||eng||</controlfield>
        <datafield tag="016" ind1="7" ind2=" ">
            <subfield code="a">IND23218499</subfield>
            <subfield code="2">DNAL</subfield>
        </datafield>
        <datafield tag="024" ind1="7" ind2=" ">
            <subfield code="a">11390300</subfield>
            <subfield code="2">pmid</subfield>
        </datafield>
        <datafield tag="024" ind1="7" ind2=" ">
            <subfield code="a">10.1093/treephys/21.9.561</subfield>
            <subfield code="2">doi</subfield>
        </datafield>
        <datafield tag="035" ind1=" " ind2=" ">
            <subfield code="a">agid:1439321-01nal_inst</subfield>
        </datafield>
        <datafield tag="040" ind1=" " ind2=" ">
            <subfield code="a">AGL</subfield>
            <subfield code="b">eng</subfield>
            <subfield code="c">AGL</subfield>
        </datafield>
        <datafield tag="100" ind1="1" ind2=" ">
            <subfield code="a">Zweifel, R.</subfield>
        </datafield>
        <datafield tag="245" ind1="1" ind2="0">
            <subfield code="a">Dynamics of water storage in mature subalpine Picea abies: temporal
                and spatial patterns of change in stem radius</subfield>
        </datafield>
        <datafield tag="300" ind1=" " ind2=" ">
            <subfield code="a">p. 561-569.</subfield>
        </datafield>
        <datafield tag="520" ind1=" " ind2=" ">
            <subfield code="a">Internal water reserves in bark and foliage of trees contribute to
                transpiration (T) and play an essential role in optimizing water transport by
                buffering extreme peaks of water consumption. We examined patterns of stem shrinkage
                and their relationship to tree water dynamics. We measured fluctuations in root
                radius and stem radius at different stem heights, T of twigs at the top of the crown
                and sap flow velocities in stem sections of mature subalpine Norway spruce (Picea
                abies (L.) Karst.) trees over 2 years. The output of each sensor was coupled by
                physical functions to a mechanistic flow and storage model of tree water relations.
                The data verified the model-predicted lag in water storage depletion in response to
                the onset of transpiration and the lag increased with increasing distance from the
                crown periphery. Between the crown and stem base, the delay ranged from a few
                minutes to several hours, depending on microclimatic conditions and tree water
                status. Stem volume changes were proportional to the amount of water exchanged
                between the elastic tissues of the bark and the rigid xylem, indicating that the
                "peristaltic" wave of stem contraction along the flow path represented depletion of
                water stored in bark. On a daily basis, stems lost between 0.2 and 0.5% of their
                volume as a result of bark dehydration, corresponding to about 2 to 5 l of water.
                This water contributed directly to T. According to the model based on hydraulic
                principles, there are three main components underlying the dynamics of water storage
                depletion: flow resistance, storage capacities of needles and bark, and T of each
                tree section. The resistances and capacities were proportional to the response
                delay, whereas T in the lower parts of the tree was inversely proportional. The
                pattern of T within the crown depended on water intercepted by the branches. Because
                of these weather-dependent factors, there was no time constant for the response
                delay along the flow path. Nevertheless, the upper crown and the root section tended
                to have longer response delays per meter of flow path than the stem. The diurnal
                course of stem radius fluctuations represents the sum of all external and internal
                conditions affecting tree water relations; stem radius fluctuations, therefore,
                provide a sensitive measure of tree water status.</subfield>
        </datafield>
        <datafield tag="593" ind1=" " ind2=" ">
            <subfield code="a">PubAg article</subfield>
        </datafield>
        <datafield tag="650" ind1=" " ind2="3">
            <subfield code="a">height</subfield>
        </datafield>
        <datafield tag="650" ind1=" " ind2="3">
            <subfield code="a">plant characteristics</subfield>
        </datafield>
        <datafield tag="650" ind1=" " ind2="3">
            <subfield code="a">Picea abies</subfield>
        </datafield>
        <datafield tag="650" ind1=" " ind2="3">
            <subfield code="a">stems</subfield>
        </datafield>
        <datafield tag="650" ind1=" " ind2="3">
            <subfield code="a">roots</subfield>
        </datafield>
        <datafield tag="650" ind1=" " ind2="3">
            <subfield code="a">water uptake</subfield>
        </datafield>
        <datafield tag="650" ind1=" " ind2="3">
            <subfield code="a">nutrient reserves</subfield>
        </datafield>
        <datafield tag="650" ind1=" " ind2="3">
            <subfield code="a">measurement</subfield>
        </datafield>
        <datafield tag="650" ind1=" " ind2="3">
            <subfield code="a">diurnal variation</subfield>
        </datafield>
        <datafield tag="650" ind1=" " ind2="3">
            <subfield code="a">seasonal variation</subfield>
        </datafield>
        <datafield tag="650" ind1=" " ind2="3">
            <subfield code="a">plant morphology</subfield>
        </datafield>
        <datafield tag="650" ind1=" " ind2="3">
            <subfield code="a">diameter</subfield>
        </datafield>
        <datafield tag="650" ind1=" " ind2="2">
            <subfield code="a">Picea</subfield>
            <subfield code="x">anatomy &amp; histology</subfield>
            <subfield code="x">physiology</subfield>
        </datafield>
        <datafield tag="650" ind1=" " ind2="2">
            <subfield code="a">Plant Stems</subfield>
            <subfield code="x">anatomy &amp; histology</subfield>
            <subfield code="x">physiology</subfield>
        </datafield>
        <datafield tag="650" ind1=" " ind2="2">
            <subfield code="a">Trees</subfield>
            <subfield code="x">anatomy &amp; histology</subfield>
            <subfield code="x">physiology</subfield>
        </datafield>
        <datafield tag="650" ind1=" " ind2="2">
            <subfield code="a">Water</subfield>
            <subfield code="x">physiology</subfield>
        </datafield>
        <datafield tag="651" ind1=" " ind2="3">
            <subfield code="a">Switzerland</subfield>
        </datafield>
        <datafield tag="651" ind1=" " ind2="0">
            <subfield code="a">Switzerland</subfield>
        </datafield>
        <datafield tag="653" ind1=" " ind2="0">
            <subfield code="a">water transfer</subfield>
        </datafield>
        <datafield tag="700" ind1="1" ind2=" ">
            <subfield code="a">Hasler, R.</subfield>
        </datafield>
        <datafield tag="773" ind1="0" ind2=" ">
            <subfield code="t">Tree physiology.</subfield>
            <subfield code="g">2001 June, v. 21, no. 9 p.561-569</subfield>
            <subfield code="x">0829-318X</subfield>
            <subfield code="7">nnas</subfield>
        </datafield>
        <datafield tag="787" ind1="1" ind2=" ">
            <subfield code="o">islandora_article_repository</subfield>
        </datafield>
        <datafield tag="787" ind1="1" ind2=" ">
            <subfield code="o">product_pubag</subfield>
        </datafield>
        <datafield tag="787" ind1="1" ind2=" ">
            <subfield code="o">(Journal)jnl41003</subfield>
        </datafield>
        <datafield tag="852" ind1=" " ind2=" ">
            <subfield code="a">DNAL</subfield>
        </datafield>
        <datafield tag="856" ind1="4" ind2="0">
            <subfield code="u">http://dx.doi.org/10.1093/treephys/21.9.561</subfield>
            <subfield code="3">Available from publisher's Web site</subfield>
        </datafield>
        <datafield tag="912" ind1=" " ind2=" ">
            <subfield code="a">Article</subfield>
        </datafield>
        <datafield tag="914" ind1=" " ind2=" ">
            <subfield code="a">Journal:jnl41003</subfield>
        </datafield>
        <datafield tag="914" ind1=" " ind2=" ">
            <subfield code="f">Tree physiol</subfield>
        </datafield>
        <datafield tag="917" ind1=" " ind2=" ">
            <subfield code="a">issued</subfield>
        </datafield>
        <datafield tag="930" ind1=" " ind2=" ">
            <subfield code="a">20010801</subfield>
            <subfield code="b">20010808</subfield>
            <subfield code="c">00000000</subfield>
        </datafield>
        <datafield tag="935" ind1=" " ind2=" ">
            <subfield code="a">IND23218499</subfield>
            <subfield code="9">ExL</subfield>
        </datafield>
        <datafield tag="945" ind1=" " ind2=" ">
            <subfield code="a">IND</subfield>
            <subfield code="d">MKS</subfield>
        </datafield>
        <datafield tag="946" ind1=" " ind2=" ">
            <subfield code="a">Non-US</subfield>
        </datafield>
        <datafield tag="952" ind1=" " ind2=" ">
            <subfield code="a">20010801 20010808 00000000</subfield>
            <subfield code="b">IND MKS </subfield>
        </datafield>
        <datafield tag="974" ind1=" " ind2=" ">
            <subfield code="a">agid:1439321</subfield>
        </datafield>
        <datafield tag="984" ind1=" " ind2=" ">
            <subfield code="a">2014-12-22</subfield>
        </datafield>
        <datafield tag="985" ind1=" " ind2=" ">
            <subfield code="a">Converted from MARCXML to MODS version 3.4 using
                MARC21slim2MODS3-4.xsl (Revision 1.95 2014/04/23)</subfield>
        </datafield>
        <datafield tag="986" ind1=" " ind2=" ">
            <subfield code="a">3486640</subfield>
        </datafield>
    </record>