
    <record>
        <leader>05652nab a2200805 u 4500</leader>
        <controlfield tag="001">9915801388107426</controlfield>
        <controlfield tag="005">20221120123357.0</controlfield>
        <controlfield tag="008">190409e201307 xx |||||o|||||||||||eng||</controlfield>
        <datafield tag="016" ind1="7" ind2=" ">
            <subfield code="a">IND601120954</subfield>
            <subfield code="2">DNAL</subfield>
        </datafield>
        <datafield tag="024" ind1="7" ind2=" ">
            <subfield code="a">10.1016/j.biombioe.2012.10.023</subfield>
            <subfield code="2">doi</subfield>
        </datafield>
        <datafield tag="035" ind1=" " ind2=" ">
            <subfield code="a">agid:1120954-01nal_inst</subfield>
        </datafield>
        <datafield tag="040" ind1=" " ind2=" ">
            <subfield code="a">AGL</subfield>
            <subfield code="b">eng</subfield>
            <subfield code="c">AGL</subfield>
        </datafield>
        <datafield tag="100" ind1="1" ind2=" ">
            <subfield code="a">Cartisano, Rosaria</subfield>
            <subfield code="e">author</subfield>
            <subfield code="u">Department for Innovation in Biological Agro-food and Forest Systems
                (DIBAF), University of Tuscia, Via San Camillo de Lellis, s.n.c., 01100 Viterbo,
                Italy</subfield>
        </datafield>
        <datafield tag="245" ind1="1" ind2="0">
            <subfield code="a">Assessing and mapping biomass potential productivity from
                poplar-dominated riparian forests: A case study</subfield>
        </datafield>
        <datafield tag="300" ind1=" " ind2=" ">
            <subfield code="a">p. 293-302.</subfield>
        </datafield>
        <datafield tag="520" ind1=" " ind2=" ">
            <subfield code="a">River systems are subjected to continuous physical changes as a
                result of their sediment transport. River dynamics is mainly determined by the
                seasonal variation of weather conditions and, together with the nature of the
                catchment and land management, affects flow patterns on a local scale. Riparian
                vegetation is well adapted to this periodical disturbance. It naturally regenerates
                on the new mineral soil created by the redistribution of river sediments during
                floods, playing an important role in the maintenance of streams and riverbanks
                stability. The high level of resilience and productivity of riparian tree species
                like Populus, contributes to the rapid biomass accumulation of riparian vegetation
                making these ecosystems of potential interest for biomass production for energy.
                This paper presents an operational methodology for investigating the biomass
                potential from riparian forests by coupling airborne laser scanning data and field
                survey. A case study on assessing and mapping biomass dynamics over a seventeen year
                period along a tract on the Paglia river, in Central Italy, is presented and
                discussed. The results highlight that the surface of the poplar-dominated riparian
                vegetation has significantly changed over the 1989–2006 period. More than 70 ha of
                new poplar forest were naturally regenerated during the analyzed period. The total
                amount of aboveground woody biomass of the riparian forest at the second inventory
                occasion has been estimated in 88 Mg ha−1, evidencing a large amount of technically
                available resources for bioenergy production (around 80% of the standing woody
                biomass). The innovative strategy here proposed to assess and map at a very high
                spatial resolution the aboveground woody biomass of riparian forest meets
                the monitoring requirements to support energy production based on modern,
                non-conventional biomass harvest planning options.</subfield>
        </datafield>
        <datafield tag="592" ind1=" " ind2=" ">
            <subfield code="a">Publisher supplied data</subfield>
        </datafield>
        <datafield tag="593" ind1=" " ind2=" ">
            <subfield code="a">PubAg article</subfield>
        </datafield>
        <datafield tag="650" ind1=" " ind2="3">
            <subfield code="a">Populus</subfield>
        </datafield>
        <datafield tag="650" ind1=" " ind2="3">
            <subfield code="a">bioenergy</subfield>
        </datafield>
        <datafield tag="650" ind1=" " ind2="3">
            <subfield code="a">biomass production</subfield>
        </datafield>
        <datafield tag="650" ind1=" " ind2="3">
            <subfield code="a">case studies</subfield>
        </datafield>
        <datafield tag="650" ind1=" " ind2="3">
            <subfield code="a">ecosystems</subfield>
        </datafield>
        <datafield tag="650" ind1=" " ind2="3">
            <subfield code="a">energy</subfield>
        </datafield>
        <datafield tag="650" ind1=" " ind2="3">
            <subfield code="a">floods</subfield>
        </datafield>
        <datafield tag="650" ind1=" " ind2="3">
            <subfield code="a">land management</subfield>
        </datafield>
        <datafield tag="650" ind1=" " ind2="3">
            <subfield code="a">mineral soils</subfield>
        </datafield>
        <datafield tag="650" ind1=" " ind2="3">
            <subfield code="a">monitoring</subfield>
        </datafield>
        <datafield tag="650" ind1=" " ind2="3">
            <subfield code="a">planning</subfield>
        </datafield>
        <datafield tag="650" ind1=" " ind2="3">
            <subfield code="a">riparian forests</subfield>
        </datafield>
        <datafield tag="650" ind1=" " ind2="3">
            <subfield code="a">rivers</subfield>
        </datafield>
        <datafield tag="650" ind1=" " ind2="3">
            <subfield code="a">seasonal variation</subfield>
        </datafield>
        <datafield tag="650" ind1=" " ind2="3">
            <subfield code="a">sediment transport</subfield>
        </datafield>
        <datafield tag="650" ind1=" " ind2="3">
            <subfield code="a">sediments</subfield>
        </datafield>
        <datafield tag="650" ind1=" " ind2="3">
            <subfield code="a">streams</subfield>
        </datafield>
        <datafield tag="650" ind1=" " ind2="3">
            <subfield code="a">surveys</subfield>
        </datafield>
        <datafield tag="650" ind1=" " ind2="3">
            <subfield code="a">trees</subfield>
        </datafield>
        <datafield tag="650" ind1=" " ind2="3">
            <subfield code="a">watersheds</subfield>
        </datafield>
        <datafield tag="651" ind1=" " ind2="3">
            <subfield code="a">Italy</subfield>
        </datafield>
        <datafield tag="653" ind1=" " ind2="0">
            <subfield code="a">Aboveground woody biomass</subfield>
        </datafield>
        <datafield tag="653" ind1=" " ind2="0">
            <subfield code="a">Riparian vegetation</subfield>
        </datafield>
        <datafield tag="653" ind1=" " ind2="0">
            <subfield code="a">Land cover</subfield>
        </datafield>
        <datafield tag="653" ind1=" " ind2="0">
            <subfield code="a">Populus</subfield>
        </datafield>
        <datafield tag="653" ind1=" " ind2="0">
            <subfield code="a">Airborne laser scanning</subfield>
        </datafield>
        <datafield tag="700" ind1="1" ind2=" ">
            <subfield code="a">Mattioli, Walter</subfield>
            <subfield code="e">author</subfield>
            <subfield code="u">Department for Innovation in Biological Agro-food and Forest Systems
                (DIBAF), University of Tuscia, Via San Camillo de Lellis, s.n.c., 01100 Viterbo,
                Italy</subfield>
        </datafield>
        <datafield tag="700" ind1="1" ind2=" ">
            <subfield code="a">Corona, Piermaria</subfield>
            <subfield code="e">author</subfield>
            <subfield code="u">Department for Innovation in Biological Agro-food and Forest Systems
                (DIBAF), University of Tuscia, Via San Camillo de Lellis, s.n.c., 01100 Viterbo,
                Italy</subfield>
        </datafield>
        <datafield tag="700" ind1="1" ind2=" ">
            <subfield code="a">Mugnozza, Giuseppe Scarascia</subfield>
            <subfield code="e">author</subfield>
            <subfield code="u">Department of Agronomy, Forestry and Land Use (DAF), Agricultural
                Research Council (CRA), Rome, Italy</subfield>
        </datafield>
        <datafield tag="700" ind1="1" ind2=" ">
            <subfield code="a">Sabatti, Maurizio</subfield>
            <subfield code="e">author</subfield>
            <subfield code="u">Department for Innovation in Biological Agro-food and Forest Systems
                (DIBAF), University of Tuscia, Via San Camillo de Lellis, s.n.c., 01100 Viterbo,
                Italy</subfield>
        </datafield>
        <datafield tag="700" ind1="1" ind2=" ">
            <subfield code="a">Ferrari, Barbara</subfield>
            <subfield code="e">author</subfield>
            <subfield code="u">Department for Innovation in Biological Agro-food and Forest Systems
                (DIBAF), University of Tuscia, Via San Camillo de Lellis, s.n.c., 01100 Viterbo,
                Italy</subfield>
        </datafield>
        <datafield tag="700" ind1="1" ind2=" ">
            <subfield code="a">Cimini, Dora</subfield>
            <subfield code="e">author</subfield>
            <subfield code="u">Department for Innovation in Biological Agro-food and Forest Systems
                (DIBAF), University of Tuscia, Via San Camillo de Lellis, s.n.c., 01100 Viterbo,
                Italy</subfield>
        </datafield>
        <datafield tag="700" ind1="1" ind2=" ">
            <subfield code="a">Giuliarelli, Diego</subfield>
            <subfield code="e">author</subfield>
            <subfield code="u">Department for Innovation in Biological Agro-food and Forest Systems
                (DIBAF), University of Tuscia, Via San Camillo de Lellis, s.n.c., 01100 Viterbo,
                Italy</subfield>
        </datafield>
        <datafield tag="773" ind1="0" ind2=" ">
            <subfield code="t">Biomass and bioenergy.</subfield>
            <subfield code="g">2013 July, v. 54 p.293-302</subfield>
            <subfield code="d">Elsevier Ltd</subfield>
            <subfield code="w">Journal:jnl3929140</subfield>
            <subfield code="x">0961-9534</subfield>
            <subfield code="7">nnas</subfield>
        </datafield>
        <datafield tag="787" ind1="1" ind2=" ">
            <subfield code="o">islandora_article_repository</subfield>
        </datafield>
        <datafield tag="787" ind1="1" ind2=" ">
            <subfield code="o">product_pubag</subfield>
        </datafield>
        <datafield tag="787" ind1="1" ind2=" ">
            <subfield code="o">(Journal)jnl3929140</subfield>
        </datafield>
        <datafield tag="856" ind1="4" ind2="0">
            <subfield code="u">https://dx.doi.org/10.1016/j.biombioe.2012.10.023</subfield>
            <subfield code="3">Available from publisher's site</subfield>
        </datafield>
        <datafield tag="912" ind1=" " ind2=" ">
            <subfield code="a">Article</subfield>
        </datafield>
        <datafield tag="914" ind1=" " ind2=" ">
            <subfield code="a">Journal:jnl3929140</subfield>
            <subfield code="b">0961-9534</subfield>
            <subfield code="c">54</subfield>
            <subfield code="e">293</subfield>
        </datafield>
        <datafield tag="914" ind1=" " ind2=" ">
            <subfield code="f">Biomass and bioenergy</subfield>
        </datafield>
        <datafield tag="916" ind1=" " ind2=" ">
            <subfield code="a">Batch:885</subfield>
        </datafield>
        <datafield tag="917" ind1=" " ind2=" ">
            <subfield code="a">issued</subfield>
        </datafield>
        <datafield tag="918" ind1="2" ind2=" ">
            <subfield code="a">Elsevier Consyn</subfield>
            <subfield code="e">provider</subfield>
            <subfield code="5">DNAL</subfield>
        </datafield>
        <datafield tag="935" ind1=" " ind2=" ">
            <subfield code="a">IND601120954</subfield>
            <subfield code="9">ExL</subfield>
        </datafield>
        <datafield tag="949" ind1=" " ind2=" ">
            <subfield code="a">2019-04-09</subfield>
        </datafield>
        <datafield tag="953" ind1=" " ind2=" ">
            <subfield code="a"
                >/data/metadata/incoming/consyn-backfiles/46-2-00085-HEAD-ONLY.zip</subfield>
        </datafield>
        <datafield tag="954" ind1=" " ind2=" ">
            <subfield code="a"
                >file:/data/metadata/staging/consyn-backfiles/S0961953412004473.xml</subfield>
        </datafield>
        <datafield tag="955" ind1=" " ind2=" ">
            <subfield code="a">/data/metadata/staging/consyn-backfiles/</subfield>
        </datafield>
        <datafield tag="974" ind1=" " ind2=" ">
            <subfield code="a">agid:1120954</subfield>
        </datafield>
        <datafield tag="983" ind1=" " ind2=" ">
            <subfield code="a">2019-04-09</subfield>
        </datafield>
        <datafield tag="984" ind1=" " ind2=" ">
            <subfield code="a">2019-04-09</subfield>
        </datafield>
    </record>