
    <record>
        <leader>05020nab a2200601 u 4500</leader>
        <controlfield tag="001">9915802083707426</controlfield>
        <controlfield tag="005">20221121000358.0</controlfield>
        <controlfield tag="008">221005e202212 xx |||||o|||||||||||eng||</controlfield>
        <datafield tag="016" ind1="7" ind2=" ">
            <subfield code="a">IND607715646</subfield>
            <subfield code="2">DNAL</subfield>
        </datafield>
        <datafield tag="024" ind1="7" ind2=" ">
            <subfield code="a">10.1186/s13595-022-01134-y</subfield>
            <subfield code="2">doi</subfield>
        </datafield>
        <datafield tag="035" ind1=" " ind2=" ">
            <subfield code="a">agid:7715646-01nal_inst</subfield>
        </datafield>
        <datafield tag="040" ind1=" " ind2=" ">
            <subfield code="a">AGL</subfield>
            <subfield code="b">eng</subfield>
            <subfield code="c">AGL</subfield>
        </datafield>
        <datafield tag="100" ind1="1" ind2=" ">
            <subfield code="a">Hahn, Christoph</subfield>
            <subfield code="e">author</subfield>
            <subfield code="u">Department of Forest- and Soil Sciences, Institute of Forest Growth,
                University of Natural Resources and Life Sciences, Vienna (BOKU), Peter-Jordan-Str.
                82, 1190, Vienna, Austria. Christoph.Hahn@forstfachschule.at</subfield>
            <subfield code="1">https://orcid.org/0000-0003-1880-910X</subfield>
        </datafield>
        <datafield tag="245" ind1="1" ind2="0">
            <subfield code="a">Position, size, and spatial patterns of bark stripping wounds
                inflicted by red deer (Cervus elavus L.) on Norway spruce using generalized additive
                models in Austria</subfield>
        </datafield>
        <datafield tag="300" ind1=" " ind2=" ">
            <subfield code="a">p. 13.</subfield>
        </datafield>
        <datafield tag="520" ind1=" " ind2=" ">
            <subfield code="a">KEY MESSAGE: Bark stripping wounds by red deer (Cervus elavus L.)
                were assessed on 9026 Norway spruce trees. Wound variables (length, width, area,
                relative width, height above ground, and angle) were analysed using generalized
                additive models with spatial soap film smoothers. Wounds located at the uphill side
                of trees were larger in summer than winter, and wound size depended on the diameter
                at breast height (DBH) and was spatially clustered. CONTEXT: In Austria, red deer
                (Cervus elaphus L.) is the main species causing bark stripping wounds. In winter,
                they often gnaw at the bark because of food scarcity; in summer, large pieces of
                bark are detached to help digestion, water, and nutrient uptake or as social
                behaviour. AIMS: The aim of this study was to analyse wound size (length, width,
                area, relative width (i.e., width divided by stem circumference)) and wound position
                (height above ground, angle (i.e., deviation between wound azimuth from slope line))
                for winter and summer bark stripping wounds by red deer depending on stand
                attributes and to describe the spatial patterns of wound size within stands.
                METHODS: A total of 3832 wounds on 9026 trees in nine experimental stands of Norway
                spruce (Picea abies (L.) Karst.) located at 47° 19’ N and 14° 46’ E at an elevation
                of 1009–1622 m were analysed. A linear regression model was fit for wound length
                over wound width for each season. For all wound variables (wound length, width,
                area, relative width, position, height above ground, and angle) generalized additive
                models (GAM) with soap film smoothers, which predict spatial patterns, were fitted.
                RESULTS: Of all wounds, 79.5 % were inflicted in winter and 20.5 % in summer. Wound
                length (31.9 cm ± 31.2 SD), width (11.7 cm ± 6.0 SD), area (446.5 cm²± 558.1 SD),
                and relative wound width (0.177 cm ± 0.098 SD) were modelled depending on summer or
                winter bark peeling, DBH, and tree coordinates. For wound height above ground (119.4
                cm± 26.8 SD) and angle (− 1.9 ± 97.3 SD), no meaningful GAM could be calculated.
                Seasonal differences between wound length and area were more pronounced than for
                wound width; differences in height above ground were minimal, but significant.
                Analyses further showed that wounds were mainly located at the uphill side of the
                trees. CONCLUSION: The spatial clustering of wound sizes might reduce the efficiency
                of thinning to remove heavily damaged trees in bark-peeled stands and might increase
                the number of sample points required to assess deer impact in forest inventories.
                Also, the uphill location of damages is an important information in
                inventories.</subfield>
        </datafield>
        <datafield tag="592" ind1=" " ind2=" ">
            <subfield code="a">Publisher supplied data</subfield>
        </datafield>
        <datafield tag="593" ind1=" " ind2=" ">
            <subfield code="a">PubAg article</subfield>
        </datafield>
        <datafield tag="650" ind1=" " ind2="3">
            <subfield code="a">Cervus elaphus</subfield>
        </datafield>
        <datafield tag="650" ind1=" " ind2="3">
            <subfield code="a">Picea abies</subfield>
        </datafield>
        <datafield tag="650" ind1=" " ind2="3">
            <subfield code="a">bark</subfield>
        </datafield>
        <datafield tag="650" ind1=" " ind2="3">
            <subfield code="a">deer</subfield>
        </datafield>
        <datafield tag="650" ind1=" " ind2="3">
            <subfield code="a">digestion</subfield>
        </datafield>
        <datafield tag="650" ind1=" " ind2="3">
            <subfield code="a">forests</subfield>
        </datafield>
        <datafield tag="650" ind1=" " ind2="3">
            <subfield code="a">nutrient uptake</subfield>
        </datafield>
        <datafield tag="650" ind1=" " ind2="3">
            <subfield code="a">regression analysis</subfield>
        </datafield>
        <datafield tag="650" ind1=" " ind2="3">
            <subfield code="a">soaps</subfield>
        </datafield>
        <datafield tag="650" ind1=" " ind2="3">
            <subfield code="a">social behavior</subfield>
        </datafield>
        <datafield tag="650" ind1=" " ind2="3">
            <subfield code="a">summer</subfield>
        </datafield>
        <datafield tag="650" ind1=" " ind2="3">
            <subfield code="a">tree and stand measurements</subfield>
        </datafield>
        <datafield tag="650" ind1=" " ind2="3">
            <subfield code="a">trees</subfield>
        </datafield>
        <datafield tag="650" ind1=" " ind2="3">
            <subfield code="a">winter</subfield>
        </datafield>
        <datafield tag="651" ind1=" " ind2="3">
            <subfield code="a">Austria</subfield>
        </datafield>
        <datafield tag="700" ind1="1" ind2=" ">
            <subfield code="a">Vospernik, Sonja</subfield>
            <subfield code="e">author</subfield>
            <subfield code="u">Department of Forest- and Soil Sciences, Institute of Forest Growth,
                University of Natural Resources and Life Sciences, Vienna (BOKU), Peter-Jordan-Str.
                82, 1190, Vienna, Austria</subfield>
        </datafield>
        <datafield tag="773" ind1="0" ind2=" ">
            <subfield code="t">Annals of forest science.</subfield>
            <subfield code="g">2022 Dec., v. 79, no. 1 p.13-13</subfield>
            <subfield code="d">Springer Paris</subfield>
            <subfield code="w">Journal:2137</subfield>
            <subfield code="x">1286-4560</subfield>
            <subfield code="7">nnas</subfield>
        </datafield>
        <datafield tag="787" ind1="1" ind2=" ">
            <subfield code="o">islandora_article_repository</subfield>
        </datafield>
        <datafield tag="787" ind1="1" ind2=" ">
            <subfield code="o">product_pubag</subfield>
        </datafield>
        <datafield tag="787" ind1="1" ind2=" ">
            <subfield code="o">(Journal)2137</subfield>
        </datafield>
        <datafield tag="856" ind1="4" ind2="0">
            <subfield code="u">https://dx.doi.org/10.1186/s13595-022-01134-y</subfield>
            <subfield code="3">Available from publisher's site</subfield>
        </datafield>
        <datafield tag="912" ind1=" " ind2=" ">
            <subfield code="a">Article</subfield>
        </datafield>
        <datafield tag="914" ind1=" " ind2=" ">
            <subfield code="a">Journal:2137</subfield>
            <subfield code="b">1286-4560</subfield>
            <subfield code="c">79</subfield>
            <subfield code="d">1</subfield>
            <subfield code="e">13</subfield>
        </datafield>
        <datafield tag="914" ind1=" " ind2=" ">
            <subfield code="f">Annals of forest science</subfield>
        </datafield>
        <datafield tag="916" ind1=" " ind2=" ">
            <subfield code="a">Batch:10247</subfield>
        </datafield>
        <datafield tag="917" ind1=" " ind2=" ">
            <subfield code="a">issued</subfield>
        </datafield>
        <datafield tag="918" ind1="2" ind2=" ">
            <subfield code="a">Springer</subfield>
            <subfield code="e">provider</subfield>
            <subfield code="5">DNAL</subfield>
        </datafield>
        <datafield tag="935" ind1=" " ind2=" ">
            <subfield code="a">IND607715646</subfield>
            <subfield code="9">ExL</subfield>
        </datafield>
        <datafield tag="949" ind1=" " ind2=" ">
            <subfield code="a">2022-03-26</subfield>
        </datafield>
        <datafield tag="953" ind1=" " ind2=" ">
            <subfield code="a"
                >/data/metadata/incoming/springer/ftp_PUB_22-10-05_05-22-01.zip</subfield>
        </datafield>
        <datafield tag="954" ind1=" " ind2=" ">
            <subfield code="a">file:/data/metadata/staging/springer/13595-79-1.xml</subfield>
        </datafield>
        <datafield tag="955" ind1=" " ind2=" ">
            <subfield code="a">/data/metadata/staging/springer/</subfield>
        </datafield>
        <datafield tag="974" ind1=" " ind2=" ">
            <subfield code="a">agid:7715646</subfield>
        </datafield>
        <datafield tag="983" ind1=" " ind2=" ">
            <subfield code="a">2022-10-05</subfield>
        </datafield>
        <datafield tag="984" ind1=" " ind2=" ">
            <subfield code="a">2022-10-05</subfield>
        </datafield>
    </record>