
    <record>
        <leader>05542nab a2200673 u 4500</leader>
        <controlfield tag="001">9915802267207426</controlfield>
        <controlfield tag="005">20221122201905.0</controlfield>
        <controlfield tag="008">201025e20201115xx |||||o|||||||||||eng||</controlfield>
        <datafield tag="016" ind1="7" ind2=" ">
            <subfield code="a">IND607138791</subfield>
            <subfield code="2">DNAL</subfield>
        </datafield>
        <datafield tag="024" ind1="7" ind2=" ">
            <subfield code="a">10.1016/j.foreco.2020.118430</subfield>
            <subfield code="2">doi</subfield>
        </datafield>
        <datafield tag="035" ind1=" " ind2=" ">
            <subfield code="a">agid:7138791-01nal_inst</subfield>
        </datafield>
        <datafield tag="040" ind1=" " ind2=" ">
            <subfield code="a">AGL</subfield>
            <subfield code="b">eng</subfield>
            <subfield code="c">AGL</subfield>
        </datafield>
        <datafield tag="100" ind1="1" ind2=" ">
            <subfield code="a">Kirk, David Anthony</subfield>
            <subfield code="e">author</subfield>
            <subfield code="u">Aquila Conservation &amp; Environment Consulting, Suite 300, 240 Bank
                Street, Ottawa, Ontario, Canada</subfield>
        </datafield>
        <datafield tag="245" ind1="1" ind2="0">
            <subfield code="a">Predicting effects of selection cutting on avian diversity and
                abundance in shade-tolerant hardwood forests of central Ontario</subfield>
        </datafield>
        <datafield tag="500" ind1=" " ind2=" ">
            <subfield code="a">NAL-AP-2-clean</subfield>
        </datafield>
        <datafield tag="520" ind1=" " ind2=" ">
            <subfield code="a">Emulating natural disturbance (END) patterns to conserve biodiversity
                is often a goal of forest management but the impact of forest cutting is still
                controversial. We examined effects on avian assemblages of partially-cut forest
                stands of 1–10, 11–20 and &gt; 45 years (cut classes) post-harvest differing in the
                % basal area retained as wildlife species’ habitat in 85 shade-tolerant hardwood
                stands in Algonquin Park, Ontario. Permutational multivariate analysis of variance
                indicated significant compositional differences among cut classes, after controlling
                for year and township (spatial variation in surficial geology and topography), both
                of which were also significant. Pairwise comparisons indicated significant
                compositional differences only between young and old stands. The difference in beta
                diversity (homogenization/differentiation) among cut classes was marginally
                significant (P = 0.066). Pairwise differences were significant between old versus
                mid-aged cut classes, marginally significant for young versus old cuts, and
                non-significant for young versus mid-aged cut classes. Six species and cavity users
                as a group were more abundant in &gt; 45 years post-harvest stands than in the other
                two cut classes. Six species had higher abundances in younger cuts than &gt;
                45 years post-harvest cuts. Red-eyed vireo (Vireo olivaceus) showed a nonlinear
                response and was least abundant in 11–20 year cuts. Blackburnian warblers Setophaga
                fusca, black-throated green warblers S. virens and pileated woodpeckers Dryocopus
                pileatus increased with the density of supercanopy trees (≥ 60 cm diameter at breast
                height - dbh) and in the case of pileated woodpeckers more large snags (≥ 40 cm
                dbh). Brown creeper Certhia americana abundance increased with greater basal area of
                trees ≥ 25 cm dbh and ovenbird numbers were significantly related to overall basal
                area. Chestnut-sided warbler S. castanea abundance decreased with an increase in
                overall basal area and was higher in the 1–10 year cuts and American redstarts S.
                ruticilla decreased with an increase in basal area. Our modelling suggests that
                effects of selection cutting systems on the avian community may be reduced as
                tolerant hardwood stands become regulated and have higher residual basal areas.
                Current guidelines in Ontario for the retention of large, scattered conifer trees
                appear to meet the requirements for most, but not all, species; however, guidelines
                for supercanopy trees are too low. These results indicate that the END paradigm for
                single-tree selection cutting in tolerant hardwoods may be partially effective but
                requires modifications, such as retaining higher densities of supercanopy trees that
                would be beneficial for birds.</subfield>
        </datafield>
        <datafield tag="592" ind1=" " ind2=" ">
            <subfield code="a">Publisher supplied data</subfield>
        </datafield>
        <datafield tag="593" ind1=" " ind2=" ">
            <subfield code="a">PubAg article</subfield>
        </datafield>
        <datafield tag="650" ind1=" " ind2="3">
            <subfield code="a">Certhia americana</subfield>
        </datafield>
        <datafield tag="650" ind1=" " ind2="3">
            <subfield code="a">Dryocopus pileatus</subfield>
        </datafield>
        <datafield tag="650" ind1=" " ind2="3">
            <subfield code="a">Vireo</subfield>
        </datafield>
        <datafield tag="650" ind1=" " ind2="3">
            <subfield code="a">conifers</subfield>
        </datafield>
        <datafield tag="650" ind1=" " ind2="3">
            <subfield code="a">forest management</subfield>
        </datafield>
        <datafield tag="650" ind1=" " ind2="3">
            <subfield code="a">habitats</subfield>
        </datafield>
        <datafield tag="650" ind1=" " ind2="3">
            <subfield code="a">hardwood</subfield>
        </datafield>
        <datafield tag="650" ind1=" " ind2="3">
            <subfield code="a">homogenization</subfield>
        </datafield>
        <datafield tag="650" ind1=" " ind2="3">
            <subfield code="a">multivariate analysis</subfield>
        </datafield>
        <datafield tag="650" ind1=" " ind2="3">
            <subfield code="a">shade tolerance</subfield>
        </datafield>
        <datafield tag="650" ind1=" " ind2="3">
            <subfield code="a">species diversity</subfield>
        </datafield>
        <datafield tag="650" ind1=" " ind2="3">
            <subfield code="a">topography</subfield>
        </datafield>
        <datafield tag="650" ind1=" " ind2="3">
            <subfield code="a">tree and stand measurements</subfield>
        </datafield>
        <datafield tag="650" ind1=" " ind2="3">
            <subfield code="a">wildlife</subfield>
        </datafield>
        <datafield tag="651" ind1=" " ind2="3">
            <subfield code="a">Ontario</subfield>
        </datafield>
        <datafield tag="653" ind1=" " ind2="0">
            <subfield code="a">Canada</subfield>
        </datafield>
        <datafield tag="653" ind1=" " ind2="0">
            <subfield code="a">Selection cutting</subfield>
        </datafield>
        <datafield tag="653" ind1=" " ind2="0">
            <subfield code="a">Birds</subfield>
        </datafield>
        <datafield tag="653" ind1=" " ind2="0">
            <subfield code="a">Great Lakes St. Lawrence</subfield>
        </datafield>
        <datafield tag="700" ind1="1" ind2=" ">
            <subfield code="a">Sólymos, Péter</subfield>
            <subfield code="e">author</subfield>
            <subfield code="u">University of Alberta, Department of Biological Sciences, Edmonton,
                Alberta, Canada</subfield>
        </datafield>
        <datafield tag="700" ind1="1" ind2=" ">
            <subfield code="a">Hall, Jodi</subfield>
            <subfield code="e">author</subfield>
            <subfield code="u">Forest Management Policy Section, Ontario Ministry of Natural
                Resources and Forestry, 421 James Street South, Suite 103, Thunder Bay Ontario,
                Canada</subfield>
        </datafield>
        <datafield tag="700" ind1="1" ind2=" ">
            <subfield code="a">Hyslop, Colleen</subfield>
            <subfield code="e">author</subfield>
            <subfield code="u">COSEWIC Secretariat, Canadian Wildlife Service, Environment Canada,
                4th Floor, Place Vincent Massey, 351 St Joseph Boulevard, Hull, Québec,
                Canada</subfield>
        </datafield>
        <datafield tag="773" ind1="0" ind2=" ">
            <subfield code="t">Forest ecology and management.</subfield>
            <subfield code="g">2020 Nov. 15, v. 476 p.118430-</subfield>
            <subfield code="d">Elsevier B.V.</subfield>
            <subfield code="w">Journal:jnl9013</subfield>
            <subfield code="x">0378-1127</subfield>
            <subfield code="7">nnas</subfield>
        </datafield>
        <datafield tag="787" ind1="1" ind2=" ">
            <subfield code="o">islandora_article_repository</subfield>
        </datafield>
        <datafield tag="787" ind1="1" ind2=" ">
            <subfield code="o">product_pubag</subfield>
        </datafield>
        <datafield tag="787" ind1="1" ind2=" ">
            <subfield code="o">(Journal)jnl9013</subfield>
        </datafield>
        <datafield tag="856" ind1="4" ind2="0">
            <subfield code="u">https://dx.doi.org/10.1016/j.foreco.2020.118430</subfield>
            <subfield code="3">Available from publisher's site</subfield>
        </datafield>
        <datafield tag="912" ind1=" " ind2=" ">
            <subfield code="a">Article</subfield>
        </datafield>
        <datafield tag="914" ind1=" " ind2=" ">
            <subfield code="a">Journal:jnl9013</subfield>
            <subfield code="b">0378-1127</subfield>
            <subfield code="c">476</subfield>
            <subfield code="e">118430</subfield>
        </datafield>
        <datafield tag="914" ind1=" " ind2=" ">
            <subfield code="f">Forest ecology and management</subfield>
        </datafield>
        <datafield tag="916" ind1=" " ind2=" ">
            <subfield code="a">Batch:10148</subfield>
        </datafield>
        <datafield tag="917" ind1=" " ind2=" ">
            <subfield code="a">issued</subfield>
        </datafield>
        <datafield tag="918" ind1="2" ind2=" ">
            <subfield code="a">Elsevier Consyn</subfield>
            <subfield code="e">provider</subfield>
            <subfield code="5">DNAL</subfield>
        </datafield>
        <datafield tag="935" ind1=" " ind2=" ">
            <subfield code="a">IND607138791</subfield>
            <subfield code="9">ExL</subfield>
        </datafield>
        <datafield tag="949" ind1=" " ind2=" ">
            <subfield code="a">2021-06-18</subfield>
        </datafield>
        <datafield tag="953" ind1=" " ind2=" ">
            <subfield code="a"
                >/data/metadata/incoming/consyn/349691522179189388-00001-HEAD-ONLY-REVISEDSUBJECTLIST.ZIP</subfield>
        </datafield>
        <datafield tag="954" ind1=" " ind2=" ">
            <subfield code="a">file:/data/metadata/staging/consyn/S0378112720311993.xml</subfield>
        </datafield>
        <datafield tag="955" ind1=" " ind2=" ">
            <subfield code="a">/data/metadata/staging/consyn/</subfield>
        </datafield>
        <datafield tag="974" ind1=" " ind2=" ">
            <subfield code="a">agid:7138791</subfield>
        </datafield>
        <datafield tag="983" ind1=" " ind2=" ">
            <subfield code="a">2020-10-25</subfield>
        </datafield>
        <datafield tag="984" ind1=" " ind2=" ">
            <subfield code="a">2021-06-18</subfield>
        </datafield>
    </record>