
    <record>
        <leader>08531nab a2200853 u 4500</leader>
        <controlfield tag="001">9915802270907426</controlfield>
        <controlfield tag="005">20221122201854.0</controlfield>
        <controlfield tag="008">210108e20210101xx |||||o|||||||||||eng||</controlfield>
        <datafield tag="016" ind1="7" ind2=" ">
            <subfield code="a">IND607138793</subfield>
            <subfield code="2">DNAL</subfield>
        </datafield>
        <datafield tag="024" ind1="7" ind2=" ">
            <subfield code="a">10.1016/j.foreco.2020.118522</subfield>
            <subfield code="2">doi</subfield>
        </datafield>
        <datafield tag="035" ind1=" " ind2=" ">
            <subfield code="a">agid:7138793-01nal_inst</subfield>
        </datafield>
        <datafield tag="040" ind1=" " ind2=" ">
            <subfield code="a">AGL</subfield>
            <subfield code="b">eng</subfield>
            <subfield code="c">AGL</subfield>
        </datafield>
        <datafield tag="100" ind1="1" ind2=" ">
            <subfield code="a">Frankovič, Michal</subfield>
            <subfield code="e">author</subfield>
            <subfield code="u">Department of Forest Ecology, Faculty of Forestry and Wood Sciences,
                Czech University of Life Sciences Prague, Kamýcká 129, Praha 6 – Suchdol 165 00,
                Czech Republic</subfield>
        </datafield>
        <datafield tag="245" ind1="1" ind2="0">
            <subfield code="a">Natural dynamics of temperate mountain beech-dominated primary
                forests in Central Europe</subfield>
        </datafield>
        <datafield tag="500" ind1=" " ind2=" ">
            <subfield code="a">NAL-AP-2-clean</subfield>
        </datafield>
        <datafield tag="520" ind1=" " ind2=" ">
            <subfield code="a">Natural disturbances are key factors in the formation of forest
                ecosystem structure. Evaluation of the spatial and temporal extent of disturbance
                regimes is critical for understanding forest dynamics, forest structural
                heterogeneity, and biodiversity habitats. Quantifying disturbance regimes is
                therefore imperative for appropriate management of forests and protected areas.
                However, natural disturbance regimes have rarely been assessed using
                dendrochronological methods on a regional scale across primary mixed beech-fir
                forest stands - one of the dominant forest vegetation types in Europe. To study the
                natural disturbance regimes of beech-dominated mixed-forest stands, we established
                42 permanent study plots with an area of 0.1 ha across three primary forest stands
                in the Western Carpathians, a region that still contains large areas of primary
                forest. We reconstructed each stand-level disturbance history using a tree-ring
                based approach. The temporal synchronicity of disturbance events was then evaluated
                by delineating stand-level disturbance events using a kernel density function, and
                through the detection of plot-level disturbances with severities greater than 10
                percent. The results obtained from the chronologies showed substantial variability
                in time and space, especially in the mid-19th century. Low- and moderate-severity
                plot-level disturbance events were most common, but high- and extremely
                high-severity plot-level disturbance events also occurred. The observed spatial and
                temporal variability suggests that the beech-dominated forests were primarily driven
                by mixed-severity disturbance regimes, with windstorms as the main disturbance
                agent.This reconstruction of the disturbance regime provided unique insight into the
                scale of mortality processes in these beech-dominated mixed forests. This
                information can help guide ecological forestry in areas where both wood production
                and biodiversity preservation are simultaneous goals, such as by employing more
                spatiotemporally-complex silvicultural systems that resemble natural disturbance
                patterns and facilitate heterogeneous forest structures.</subfield>
        </datafield>
        <datafield tag="592" ind1=" " ind2=" ">
            <subfield code="a">Publisher supplied data</subfield>
        </datafield>
        <datafield tag="593" ind1=" " ind2=" ">
            <subfield code="a">PubAg article</subfield>
        </datafield>
        <datafield tag="650" ind1=" " ind2="3">
            <subfield code="a">administrative management</subfield>
        </datafield>
        <datafield tag="650" ind1=" " ind2="3">
            <subfield code="a">biodiversity</subfield>
        </datafield>
        <datafield tag="650" ind1=" " ind2="3">
            <subfield code="a">dendrochronology</subfield>
        </datafield>
        <datafield tag="650" ind1=" " ind2="3">
            <subfield code="a">forest dynamics</subfield>
        </datafield>
        <datafield tag="650" ind1=" " ind2="3">
            <subfield code="a">forest ecosystems</subfield>
        </datafield>
        <datafield tag="650" ind1=" " ind2="3">
            <subfield code="a">growth rings</subfield>
        </datafield>
        <datafield tag="650" ind1=" " ind2="3">
            <subfield code="a">mortality</subfield>
        </datafield>
        <datafield tag="650" ind1=" " ind2="3">
            <subfield code="a">temporal variation</subfield>
        </datafield>
        <datafield tag="650" ind1=" " ind2="3">
            <subfield code="a">wood</subfield>
        </datafield>
        <datafield tag="651" ind1=" " ind2="3">
            <subfield code="a">Carpathian region</subfield>
        </datafield>
        <datafield tag="651" ind1=" " ind2="3">
            <subfield code="a">Central European region</subfield>
        </datafield>
        <datafield tag="651" ind1=" " ind2="3">
            <subfield code="a">Europe</subfield>
        </datafield>
        <datafield tag="653" ind1=" " ind2="0">
            <subfield code="a">Dendroecology</subfield>
        </datafield>
        <datafield tag="653" ind1=" " ind2="0">
            <subfield code="a">Disturbance regime</subfield>
        </datafield>
        <datafield tag="653" ind1=" " ind2="0">
            <subfield code="a">Beech-fir forest</subfield>
        </datafield>
        <datafield tag="653" ind1=" " ind2="0">
            <subfield code="a">Natural dynamics</subfield>
        </datafield>
        <datafield tag="653" ind1=" " ind2="0">
            <subfield code="a">Primary forest</subfield>
        </datafield>
        <datafield tag="653" ind1=" " ind2="0">
            <subfield code="a">Western Carpathians</subfield>
        </datafield>
        <datafield tag="700" ind1="1" ind2=" ">
            <subfield code="a">Janda, Pavel</subfield>
            <subfield code="e">author</subfield>
            <subfield code="u">Department of Forest Ecology, Faculty of Forestry and Wood Sciences,
                Czech University of Life Sciences Prague, Kamýcká 129, Praha 6 – Suchdol 165 00,
                Czech Republic</subfield>
        </datafield>
        <datafield tag="700" ind1="1" ind2=" ">
            <subfield code="a">Mikoláš, Martin</subfield>
            <subfield code="e">author</subfield>
            <subfield code="u">Department of Forest Ecology, Faculty of Forestry and Wood Sciences,
                Czech University of Life Sciences Prague, Kamýcká 129, Praha 6 – Suchdol 165 00,
                Czech Republic</subfield>
        </datafield>
        <datafield tag="700" ind1="1" ind2=" ">
            <subfield code="a">Čada, Vojtěch</subfield>
            <subfield code="e">author</subfield>
            <subfield code="u">Department of Forest Ecology, Faculty of Forestry and Wood Sciences,
                Czech University of Life Sciences Prague, Kamýcká 129, Praha 6 – Suchdol 165 00,
                Czech Republic</subfield>
        </datafield>
        <datafield tag="700" ind1="1" ind2=" ">
            <subfield code="a">Kozák, Daniel</subfield>
            <subfield code="e">author</subfield>
            <subfield code="u">Department of Forest Ecology, Faculty of Forestry and Wood Sciences,
                Czech University of Life Sciences Prague, Kamýcká 129, Praha 6 – Suchdol 165 00,
                Czech Republic</subfield>
        </datafield>
        <datafield tag="700" ind1="1" ind2=" ">
            <subfield code="a">Pettit, Joseph L.</subfield>
            <subfield code="e">author</subfield>
            <subfield code="u">Department of Forest Ecology, Faculty of Forestry and Wood Sciences,
                Czech University of Life Sciences Prague, Kamýcká 129, Praha 6 – Suchdol 165 00,
                Czech Republic</subfield>
        </datafield>
        <datafield tag="700" ind1="1" ind2=" ">
            <subfield code="a">Nagel, Thomas A.</subfield>
            <subfield code="e">author</subfield>
            <subfield code="u">Department of Forest Ecology, Faculty of Forestry and Wood Sciences,
                Czech University of Life Sciences Prague, Kamýcká 129, Praha 6 – Suchdol 165 00,
                Czech Republic</subfield>
        </datafield>
        <datafield tag="700" ind1="1" ind2=" ">
            <subfield code="a">Buechling, Arne</subfield>
            <subfield code="e">author</subfield>
            <subfield code="u">Department of Forest Ecology, Faculty of Forestry and Wood Sciences,
                Czech University of Life Sciences Prague, Kamýcká 129, Praha 6 – Suchdol 165 00,
                Czech Republic</subfield>
        </datafield>
        <datafield tag="700" ind1="1" ind2=" ">
            <subfield code="a">Matula, Radim</subfield>
            <subfield code="e">author</subfield>
            <subfield code="u">Department of Forest Ecology, Faculty of Forestry and Wood Sciences,
                Czech University of Life Sciences Prague, Kamýcká 129, Praha 6 – Suchdol 165 00,
                Czech Republic</subfield>
        </datafield>
        <datafield tag="700" ind1="1" ind2=" ">
            <subfield code="a">Trotsiuk, Volodymyr</subfield>
            <subfield code="e">author</subfield>
            <subfield code="u">Department of Forest Ecology, Faculty of Forestry and Wood Sciences,
                Czech University of Life Sciences Prague, Kamýcká 129, Praha 6 – Suchdol 165 00,
                Czech Republic</subfield>
        </datafield>
        <datafield tag="700" ind1="1" ind2=" ">
            <subfield code="a">Gloor, Rhiannon</subfield>
            <subfield code="e">author</subfield>
            <subfield code="u">Department of Forest Ecology, Faculty of Forestry and Wood Sciences,
                Czech University of Life Sciences Prague, Kamýcká 129, Praha 6 – Suchdol 165 00,
                Czech Republic</subfield>
        </datafield>
        <datafield tag="700" ind1="1" ind2=" ">
            <subfield code="a">Dušátko, Martin</subfield>
            <subfield code="e">author</subfield>
            <subfield code="u">Department of Forest Ecology, Faculty of Forestry and Wood Sciences,
                Czech University of Life Sciences Prague, Kamýcká 129, Praha 6 – Suchdol 165 00,
                Czech Republic</subfield>
        </datafield>
        <datafield tag="700" ind1="1" ind2=" ">
            <subfield code="a">Kameniar, Ondrej</subfield>
            <subfield code="e">author</subfield>
            <subfield code="u">Department of Forest Ecology, Faculty of Forestry and Wood Sciences,
                Czech University of Life Sciences Prague, Kamýcká 129, Praha 6 – Suchdol 165 00,
                Czech Republic</subfield>
        </datafield>
        <datafield tag="700" ind1="1" ind2=" ">
            <subfield code="a">Vostarek, Ondřej</subfield>
            <subfield code="e">author</subfield>
            <subfield code="u">Department of Forest Ecology, Faculty of Forestry and Wood Sciences,
                Czech University of Life Sciences Prague, Kamýcká 129, Praha 6 – Suchdol 165 00,
                Czech Republic</subfield>
        </datafield>
        <datafield tag="700" ind1="1" ind2=" ">
            <subfield code="a">Lábusová, Jana</subfield>
            <subfield code="e">author</subfield>
            <subfield code="u">Department of Forest Ecology, Faculty of Forestry and Wood Sciences,
                Czech University of Life Sciences Prague, Kamýcká 129, Praha 6 – Suchdol 165 00,
                Czech Republic</subfield>
        </datafield>
        <datafield tag="700" ind1="1" ind2=" ">
            <subfield code="a">Ujházy, Karol</subfield>
            <subfield code="e">author</subfield>
            <subfield code="u">Faculty of Forestry, Technical University in Zvolen, T.G. Masaryka
                24, SK-960 53 Zvolen, Slovakia</subfield>
        </datafield>
        <datafield tag="700" ind1="1" ind2=" ">
            <subfield code="a">Synek, Michal</subfield>
            <subfield code="e">author</subfield>
            <subfield code="u">Department of Forest Ecology, Faculty of Forestry and Wood Sciences,
                Czech University of Life Sciences Prague, Kamýcká 129, Praha 6 – Suchdol 165 00,
                Czech Republic</subfield>
        </datafield>
        <datafield tag="700" ind1="1" ind2=" ">
            <subfield code="a">Begović, Krešimír</subfield>
            <subfield code="e">author</subfield>
            <subfield code="u">Department of Forest Ecology, Faculty of Forestry and Wood Sciences,
                Czech University of Life Sciences Prague, Kamýcká 129, Praha 6 – Suchdol 165 00,
                Czech Republic</subfield>
        </datafield>
        <datafield tag="700" ind1="1" ind2=" ">
            <subfield code="a">Ferenčík, Matej</subfield>
            <subfield code="e">author</subfield>
            <subfield code="u">Department of Forest Ecology, Faculty of Forestry and Wood Sciences,
                Czech University of Life Sciences Prague, Kamýcká 129, Praha 6 – Suchdol 165 00,
                Czech Republic</subfield>
        </datafield>
        <datafield tag="700" ind1="1" ind2=" ">
            <subfield code="a">Svoboda, Miroslav</subfield>
            <subfield code="e">author</subfield>
            <subfield code="u">Department of Forest Ecology, Faculty of Forestry and Wood Sciences,
                Czech University of Life Sciences Prague, Kamýcká 129, Praha 6 – Suchdol 165 00,
                Czech Republic</subfield>
        </datafield>
        <datafield tag="773" ind1="0" ind2=" ">
            <subfield code="t">Forest ecology and management.</subfield>
            <subfield code="g">2021 Jan. 01, v. 479 p.118522-</subfield>
            <subfield code="d">Elsevier B.V.</subfield>
            <subfield code="w">Journal:jnl9013</subfield>
            <subfield code="x">0378-1127</subfield>
            <subfield code="7">nnas</subfield>
        </datafield>
        <datafield tag="787" ind1="1" ind2=" ">
            <subfield code="o">islandora_article_repository</subfield>
        </datafield>
        <datafield tag="787" ind1="1" ind2=" ">
            <subfield code="o">product_pubag</subfield>
        </datafield>
        <datafield tag="787" ind1="1" ind2=" ">
            <subfield code="o">(Journal)jnl9013</subfield>
        </datafield>
        <datafield tag="856" ind1="4" ind2="0">
            <subfield code="u">https://dx.doi.org/10.1016/j.foreco.2020.118522</subfield>
            <subfield code="3">Available from publisher's site</subfield>
        </datafield>
        <datafield tag="912" ind1=" " ind2=" ">
            <subfield code="a">Article</subfield>
        </datafield>
        <datafield tag="914" ind1=" " ind2=" ">
            <subfield code="a">Journal:jnl9013</subfield>
            <subfield code="b">0378-1127</subfield>
            <subfield code="c">479</subfield>
            <subfield code="e">118522</subfield>
        </datafield>
        <datafield tag="914" ind1=" " ind2=" ">
            <subfield code="f">Forest ecology and management</subfield>
        </datafield>
        <datafield tag="916" ind1=" " ind2=" ">
            <subfield code="a">Batch:10148</subfield>
        </datafield>
        <datafield tag="917" ind1=" " ind2=" ">
            <subfield code="a">issued</subfield>
        </datafield>
        <datafield tag="918" ind1="2" ind2=" ">
            <subfield code="a">Elsevier Consyn</subfield>
            <subfield code="e">provider</subfield>
            <subfield code="5">DNAL</subfield>
        </datafield>
        <datafield tag="935" ind1=" " ind2=" ">
            <subfield code="a">IND607138793</subfield>
            <subfield code="9">ExL</subfield>
        </datafield>
        <datafield tag="949" ind1=" " ind2=" ">
            <subfield code="a">2021-06-18</subfield>
        </datafield>
        <datafield tag="953" ind1=" " ind2=" ">
            <subfield code="a">/data/metadata/incoming/consyn/180031238578336074-00002-HEAD-ONLY-NEW
                CONSYN ISSNS.ZIP</subfield>
        </datafield>
        <datafield tag="954" ind1=" " ind2=" ">
            <subfield code="a">file:/data/metadata/staging/consyn/S0378112720312913.xml</subfield>
        </datafield>
        <datafield tag="955" ind1=" " ind2=" ">
            <subfield code="a">/data/metadata/staging/consyn/</subfield>
        </datafield>
        <datafield tag="974" ind1=" " ind2=" ">
            <subfield code="a">agid:7138793</subfield>
        </datafield>
        <datafield tag="983" ind1=" " ind2=" ">
            <subfield code="a">2021-01-08</subfield>
        </datafield>
        <datafield tag="984" ind1=" " ind2=" ">
            <subfield code="a">2021-06-18</subfield>
        </datafield>
    </record>