
    <record>
        <leader>03602nab a2200625 u 4500</leader>
        <controlfield tag="001">9915802392707426</controlfield>
        <controlfield tag="005">20221120071005.0</controlfield>
        <controlfield tag="008">130517s2013 xx |||||o|||||||||||eng||</controlfield>
        <datafield tag="016" ind1="7" ind2=" ">
            <subfield code="a">IND44677693</subfield>
            <subfield code="2">DNAL</subfield>
        </datafield>
        <datafield tag="035" ind1=" " ind2=" ">
            <subfield code="a">agid:319027-01nal_inst</subfield>
        </datafield>
        <datafield tag="040" ind1=" " ind2=" ">
            <subfield code="a">AGL</subfield>
            <subfield code="b">eng</subfield>
            <subfield code="c">AGL</subfield>
        </datafield>
        <datafield tag="100" ind1="1" ind2=" ">
            <subfield code="a">Keske, C.</subfield>
        </datafield>
        <datafield tag="245" ind1="1" ind2="0">
            <subfield code="a">Spatial pattern of brown rot within peach trees related to inoculum
                of Monilinia fructicola in organic orchard</subfield>
        </datafield>
        <datafield tag="300" ind1=" " ind2=" ">
            <subfield code="a">p. 67-73.</subfield>
        </datafield>
        <datafield tag="500" ind1=" " ind2=" ">
            <subfield code="a">Includes references</subfield>
        </datafield>
        <datafield tag="520" ind1=" " ind2=" ">
            <subfield code="a">Brown rot, caused by Monilinia fructicola, is the most important
                peach disease in Brazil. However, there is little information about the epidemiology
                and spatial patterns associated with this disease in organic orchards. This study
                characterized the spatial distribution of blossom blight and brown rot within trees
                under natural infection. The study was carried out in 2007 and 2008 in an organic
                orchard of located in southern Brazil. The spatial pattern of diseased flowers (in a
                sample of 80 flowers per tree per year) and fruit (from 64 to 309 fruit per tree per
                year) within each peach tree was assessed using 16 quadrats per tree. The dispersion
                index (D) and the modified Taylor’s power law were used to characterize the spatial
                pattern of the disease. The conidia density of M. fructicola and the weather
                conditions were monitored. In both years of assessment, diseased flowers were
                distributed at random in 90% of the trees, and no correlation was found between the
                incidence of blossom blight from a given year to the incidence of blossom blight or
                brown rot in the previous year. The distribution of brown rot within the tree was
                aggregated in both years in 70% of the trees where disease incidence was lower than
                90%, and a significant positive relationship was observed in disease incidence from
                one year to the other. Taylor’s power law was significant for blossom blight and
                brown rot but aggregation was verified only for brown rot. According to these
                results, blossom blight is not an important source of inoculum to fruits, and we
                suggest that the intensive chemical control during flowering in the subtropical
                regions of Brazil should be reviewed.</subfield>
        </datafield>
        <datafield tag="593" ind1=" " ind2=" ">
            <subfield code="a">PubAg article</subfield>
        </datafield>
        <datafield tag="650" ind1=" " ind2="3">
            <subfield code="a">Monilinia fructicola</subfield>
        </datafield>
        <datafield tag="650" ind1=" " ind2="3">
            <subfield code="a">blight</subfield>
        </datafield>
        <datafield tag="650" ind1=" " ind2="3">
            <subfield code="a">chemical control</subfield>
        </datafield>
        <datafield tag="650" ind1=" " ind2="3">
            <subfield code="a">conidia</subfield>
        </datafield>
        <datafield tag="650" ind1=" " ind2="3">
            <subfield code="a">disease incidence</subfield>
        </datafield>
        <datafield tag="650" ind1=" " ind2="3">
            <subfield code="a">flowering</subfield>
        </datafield>
        <datafield tag="650" ind1=" " ind2="3">
            <subfield code="a">flowers</subfield>
        </datafield>
        <datafield tag="650" ind1=" " ind2="3">
            <subfield code="a">fruits</subfield>
        </datafield>
        <datafield tag="650" ind1=" " ind2="3">
            <subfield code="a">inoculum</subfield>
        </datafield>
        <datafield tag="650" ind1=" " ind2="3">
            <subfield code="a">orchards</subfield>
        </datafield>
        <datafield tag="650" ind1=" " ind2="3">
            <subfield code="a">peaches</subfield>
        </datafield>
        <datafield tag="650" ind1=" " ind2="3">
            <subfield code="a">subtropics</subfield>
        </datafield>
        <datafield tag="650" ind1=" " ind2="3">
            <subfield code="a">trees</subfield>
        </datafield>
        <datafield tag="650" ind1=" " ind2="3">
            <subfield code="a">weather</subfield>
        </datafield>
        <datafield tag="651" ind1=" " ind2="3">
            <subfield code="a">Brazil</subfield>
        </datafield>
        <datafield tag="700" ind1="1" ind2=" ">
            <subfield code="a">May-De Mio, L.L.</subfield>
        </datafield>
        <datafield tag="700" ind1="1" ind2=" ">
            <subfield code="a">Amorim, L.</subfield>
        </datafield>
        <datafield tag="773" ind1="0" ind2=" ">
            <subfield code="t">Journal of plant pathology.</subfield>
            <subfield code="g">2013 Mar., v. 95, no. 1 p.67-73</subfield>
            <subfield code="d">Edizioni ETS</subfield>
            <subfield code="x">1125-4653</subfield>
            <subfield code="7">nnas</subfield>
        </datafield>
        <datafield tag="787" ind1="1" ind2=" ">
            <subfield code="o">islandora_article_repository</subfield>
        </datafield>
        <datafield tag="787" ind1="1" ind2=" ">
            <subfield code="o">product_pubag</subfield>
        </datafield>
        <datafield tag="787" ind1="1" ind2=" ">
            <subfield code="o">(Journal)jnl4181443</subfield>
        </datafield>
        <datafield tag="852" ind1=" " ind2=" ">
            <subfield code="a">DNAL</subfield>
        </datafield>
        <datafield tag="856" ind1="4" ind2="0">
            <subfield code="u">http://www.dx.doi.org/10.4454/JPP.V95I1.007</subfield>
            <subfield code="3">Available from publisher's Web site</subfield>
        </datafield>
        <datafield tag="912" ind1=" " ind2=" ">
            <subfield code="a">Article</subfield>
        </datafield>
        <datafield tag="914" ind1=" " ind2=" ">
            <subfield code="a">Journal:jnl4181443</subfield>
            <subfield code="b">1125-4653</subfield>
            <subfield code="c">95</subfield>
            <subfield code="d">1</subfield>
            <subfield code="e">67</subfield>
        </datafield>
        <datafield tag="914" ind1=" " ind2=" ">
            <subfield code="f">Journal of plant pathology</subfield>
        </datafield>
        <datafield tag="916" ind1=" " ind2=" ">
            <subfield code="a">Batch:737</subfield>
        </datafield>
        <datafield tag="917" ind1=" " ind2=" ">
            <subfield code="a">issued</subfield>
        </datafield>
        <datafield tag="935" ind1=" " ind2=" ">
            <subfield code="a">IND44677693</subfield>
            <subfield code="9">ExL</subfield>
        </datafield>
        <datafield tag="949" ind1=" " ind2=" ">
            <subfield code="a">2015-02-02</subfield>
        </datafield>
        <datafield tag="962" ind1=" " ind2=" ">
            <subfield code="a">No DOI</subfield>
        </datafield>
        <datafield tag="962" ind1=" " ind2=" ">
            <subfield code="a">Batch:737 annotated on 2014-12-08T11:13:11Z</subfield>
        </datafield>
        <datafield tag="962" ind1=" " ind2=" ">
            <subfield code="a">Batch:737 reviewed on 2015-01-28T16:00:05Z</subfield>
        </datafield>
        <datafield tag="962" ind1=" " ind2=" ">
            <subfield code="a">Batch:737 reviewed on 2015-02-02T18:44:16Z</subfield>
        </datafield>
        <datafield tag="974" ind1=" " ind2=" ">
            <subfield code="a">agid:319027</subfield>
        </datafield>
        <datafield tag="984" ind1=" " ind2=" ">
            <subfield code="a">2015-02-02</subfield>
        </datafield>
        <datafield tag="985" ind1=" " ind2=" ">
            <subfield code="a">Converted from MARCXML to MODS version 3.4 using
                MARC21slim2MODS3-4.xsl (Revision 1.94 2014/02/21)</subfield>
        </datafield>
        <datafield tag="986" ind1=" " ind2=" ">
            <subfield code="a">4677693</subfield>
        </datafield>
    </record>