
    <record>
        <leader>04025nab a2200649 u 4500</leader>
        <controlfield tag="001">9915802642207426</controlfield>
        <controlfield tag="005">20221121084456.0</controlfield>
        <controlfield tag="008">190131s2019 xx |||||o|||||||||||eng||</controlfield>
        <datafield tag="016" ind1="7" ind2=" ">
            <subfield code="a">IND606294476</subfield>
            <subfield code="2">DNAL</subfield>
        </datafield>
        <datafield tag="024" ind1="7" ind2=" ">
            <subfield code="a">10.1071/WF18031</subfield>
            <subfield code="2">doi</subfield>
        </datafield>
        <datafield tag="035" ind1=" " ind2=" ">
            <subfield code="a">agid:6294476-01nal_inst</subfield>
        </datafield>
        <datafield tag="040" ind1=" " ind2=" ">
            <subfield code="a">AGL</subfield>
            <subfield code="b">eng</subfield>
            <subfield code="c">AGL</subfield>
        </datafield>
        <datafield tag="100" ind1="1" ind2=" ">
            <subfield code="a">Furniss, Tucker J.</subfield>
            <subfield code="u">Wildland Resources Department, Utah State University, 5230 Old Main
                Hill, Logan, UT 84322, USA.</subfield>
        </datafield>
        <datafield tag="245" ind1="1" ind2="0">
            <subfield code="a">Multi-scale assessment of post-fire tree mortality models</subfield>
        </datafield>
        <datafield tag="300" ind1=" " ind2=" ">
            <subfield code="a">p. 46-61.</subfield>
        </datafield>
        <datafield tag="520" ind1=" " ind2=" ">
            <subfield code="a">Post-fire tree mortality models are vital tools used by forest land
                managers to predict fire effects, estimate delayed mortality and develop management
                prescriptions. We evaluated the performance of mortality models within the First
                Order Fire Effects Model (FOFEM) software, and compared their performance to
                locally-parameterised models based on five different forms. We evaluated all models
                at the individual tree and stand levels with a dataset comprising 34174 trees from a
                mixed-conifer forest in the Sierra Nevada, California that burned in the 2013 Rim
                Fire. We compared stand-level accuracy across a range of spatial scales, and we used
                point pattern analysis to test the accuracy with which mortality models predict
                post-fire tree spatial pattern. FOFEM under-predicted mortality for the three
                conifers, possibly because of the timing of the Rim Fire during a severe multi-year
                drought. Locally-parameterised models based on crown scorch were most accurate in
                predicting individual tree mortality, but tree diameter-based models were more
                accurate at the stand level for Abies concolor and large-diameter Pinus lambertiana,
                the most abundant trees in this forest. Stand-level accuracy was reduced by
                spatially correlated error at small spatial scales, but stabilised at scales ≥1ha.
                The predictive error of FOFEM generated inaccurate predictions of post-fire spatial
                pattern at small scales, and this error could be reduced by improving FOFEM model
                accuracy for small trees.</subfield>
        </datafield>
        <datafield tag="592" ind1=" " ind2=" ">
            <subfield code="a">Publisher supplied data</subfield>
        </datafield>
        <datafield tag="593" ind1=" " ind2=" ">
            <subfield code="a">PubAg article</subfield>
        </datafield>
        <datafield tag="650" ind1=" " ind2="3">
            <subfield code="a">Abies concolor</subfield>
        </datafield>
        <datafield tag="650" ind1=" " ind2="3">
            <subfield code="a">Pinus lambertiana</subfield>
        </datafield>
        <datafield tag="650" ind1=" " ind2="3">
            <subfield code="a">computer software</subfield>
        </datafield>
        <datafield tag="650" ind1=" " ind2="3">
            <subfield code="a">conifers</subfield>
        </datafield>
        <datafield tag="650" ind1=" " ind2="3">
            <subfield code="a">data collection</subfield>
        </datafield>
        <datafield tag="650" ind1=" " ind2="3">
            <subfield code="a">drought</subfield>
        </datafield>
        <datafield tag="650" ind1=" " ind2="3">
            <subfield code="a">forests</subfield>
        </datafield>
        <datafield tag="650" ind1=" " ind2="3">
            <subfield code="a">models</subfield>
        </datafield>
        <datafield tag="650" ind1=" " ind2="3">
            <subfield code="a">mortality</subfield>
        </datafield>
        <datafield tag="650" ind1=" " ind2="3">
            <subfield code="a">mountains</subfield>
        </datafield>
        <datafield tag="650" ind1=" " ind2="3">
            <subfield code="a">prediction</subfield>
        </datafield>
        <datafield tag="650" ind1=" " ind2="3">
            <subfield code="a">scorch</subfield>
        </datafield>
        <datafield tag="650" ind1=" " ind2="3">
            <subfield code="a">tree mortality</subfield>
        </datafield>
        <datafield tag="650" ind1=" " ind2="3">
            <subfield code="a">trees</subfield>
        </datafield>
        <datafield tag="651" ind1=" " ind2="3">
            <subfield code="a">California</subfield>
        </datafield>
        <datafield tag="653" ind1=" " ind2="0">
            <subfield code="a">fire mortality modelling; FOFEM; Rim Fire; Sierra Nevada
                mixed-conifer; Smithsonian ForestGEO; spatial patterns; Yosemite Forest Dynamics
                Plot</subfield>
        </datafield>
        <datafield tag="700" ind1="1" ind2=" ">
            <subfield code="a">Larson, Andrew J.</subfield>
            <subfield code="u">Department of Forest Management, University of Montana, Missoula, MT
                59812, USA.</subfield>
        </datafield>
        <datafield tag="700" ind1="1" ind2=" ">
            <subfield code="a">Kane, Van R.</subfield>
            <subfield code="u">School of Environmental and Forest Sciences, University of
                Washington, Box 352100, Seattle, WA 98195, USA.</subfield>
        </datafield>
        <datafield tag="700" ind1="1" ind2=" ">
            <subfield code="a">Lutz, James A.</subfield>
            <subfield code="u">Wildland Resources Department, Utah State University, 5230 Old Main
                Hill, Logan, UT 84322, USA.</subfield>
        </datafield>
        <datafield tag="773" ind1="0" ind2=" ">
            <subfield code="t">International journal of wildland fire.</subfield>
            <subfield code="g">2019, v. 28, no. 1 p.46-61</subfield>
            <subfield code="d">CSIRO Publishing</subfield>
            <subfield code="w">Journal:jnl57534</subfield>
            <subfield code="x">1049-8001</subfield>
            <subfield code="7">nnas</subfield>
        </datafield>
        <datafield tag="787" ind1="1" ind2=" ">
            <subfield code="o">islandora_article_repository</subfield>
        </datafield>
        <datafield tag="787" ind1="1" ind2=" ">
            <subfield code="o">product_pubag</subfield>
        </datafield>
        <datafield tag="787" ind1="1" ind2=" ">
            <subfield code="o">(Journal)jnl57534</subfield>
        </datafield>
        <datafield tag="856" ind1="4" ind2="0">
            <subfield code="u">http://dx.doi.org/10.1071/WF18031</subfield>
            <subfield code="3">Available from publisher's site</subfield>
        </datafield>
        <datafield tag="912" ind1=" " ind2=" ">
            <subfield code="a">Article</subfield>
        </datafield>
        <datafield tag="914" ind1=" " ind2=" ">
            <subfield code="a">Journal:jnl57534</subfield>
            <subfield code="b">1049-8001</subfield>
            <subfield code="c">28</subfield>
            <subfield code="d">1</subfield>
            <subfield code="e">46</subfield>
        </datafield>
        <datafield tag="914" ind1=" " ind2=" ">
            <subfield code="f">International journal of wildland fire</subfield>
        </datafield>
        <datafield tag="916" ind1=" " ind2=" ">
            <subfield code="a">Batch:2156</subfield>
        </datafield>
        <datafield tag="917" ind1=" " ind2=" ">
            <subfield code="a">issued</subfield>
        </datafield>
        <datafield tag="918" ind1="2" ind2=" ">
            <subfield code="a">Commonwealth Scientific and Industrial Research Organisation
                (CSIRO)</subfield>
            <subfield code="e">provider</subfield>
            <subfield code="5">DNAL</subfield>
        </datafield>
        <datafield tag="935" ind1=" " ind2=" ">
            <subfield code="a">IND606294476</subfield>
            <subfield code="9">ExL</subfield>
        </datafield>
        <datafield tag="949" ind1=" " ind2=" ">
            <subfield code="a">2019-03-18</subfield>
        </datafield>
        <datafield tag="953" ind1=" " ind2=" ">
            <subfield code="a">/data/metadata/incoming/csiro/WF_28_1.ZIP</subfield>
        </datafield>
        <datafield tag="954" ind1=" " ind2=" ">
            <subfield code="a">file:/data/metadata/staging/csiro/WF18031abs.xml</subfield>
        </datafield>
        <datafield tag="955" ind1=" " ind2=" ">
            <subfield code="a">/data/metadata/staging/csiro/</subfield>
        </datafield>
        <datafield tag="962" ind1=" " ind2=" ">
            <subfield code="a">Batch:2156 reviewed on 2019-03-18T14:00:03Z</subfield>
        </datafield>
        <datafield tag="974" ind1=" " ind2=" ">
            <subfield code="a">agid:6294476</subfield>
        </datafield>
        <datafield tag="983" ind1=" " ind2=" ">
            <subfield code="a">2019-01-31</subfield>
        </datafield>
        <datafield tag="984" ind1=" " ind2=" ">
            <subfield code="a">2019-03-18</subfield>
        </datafield>
    </record>