
    <record>
        <leader>04265nab a2200685 u 4500</leader>
        <controlfield tag="001">9915803005307426</controlfield>
        <controlfield tag="005">20221122001156.0</controlfield>
        <controlfield tag="008">090626e200908 xx |||||o|||||||||||eng||</controlfield>
        <datafield tag="016" ind1="7" ind2=" ">
            <subfield code="a">IND44225045</subfield>
            <subfield code="2">DNAL</subfield>
        </datafield>
        <datafield tag="024" ind1="7" ind2=" ">
            <subfield code="a">10.1007/s11258-008-9552-5</subfield>
            <subfield code="2">doi</subfield>
        </datafield>
        <datafield tag="035" ind1=" " ind2=" ">
            <subfield code="a">agid:431382-01nal_inst</subfield>
        </datafield>
        <datafield tag="040" ind1=" " ind2=" ">
            <subfield code="a">AGL</subfield>
            <subfield code="b">eng</subfield>
            <subfield code="c">AGL</subfield>
        </datafield>
        <datafield tag="100" ind1="1" ind2=" ">
            <subfield code="a">Muñoz Sobrino, C.</subfield>
        </datafield>
        <datafield tag="245" ind1="1" ind2="0">
            <subfield code="a">Climatic and human effects on the post-glacial dynamics of Fagus
                sylvatica L. in NW Iberia</subfield>
        </datafield>
        <datafield tag="300" ind1=" " ind2=" ">
            <subfield code="a">p. 317-340.</subfield>
        </datafield>
        <datafield tag="500" ind1=" " ind2=" ">
            <subfield code="a">Includes references</subfield>
        </datafield>
        <datafield tag="520" ind1=" " ind2=" ">
            <subfield code="a">Our aim is to determine the population dynamics of Fagus sylvatica L.
                during the last 4,000 cal. BP in NW Iberia and the causes of its spatial and
                temporal patterns, previous palaeoecological studies having shown that between the
                Upper Pleistocene and the recent Holocene Fagus survived in this region. A number of
                pollen sites have allowed a reconstruction of the regional dynamics of Fagus from
                the Last Glaciation to the present. Specifically, two high-resolution pollen
                sequences located in both extremes of the Cantabrian region were analysed to discuss
                the beech forest dynamics during the last four millennia. Beech pollen percentages
                increased progressively to dominant species levels in eastern Cantabria, but only
                brief, minor increases are recorded in the west, where they never exceeded 2%. The
                expansion in the east shows three well-defined stages: an initial increase that
                lasted up to about 2,500 cal. BP, coinciding with a general increase in total tree
                pollen throughout the Cantabrian Mountains; a stage lasting between 2,500 and 1,500
                cal. BP, in which Fagus pollen levels fluctuated while total tree pollen percentages
                began to decline and Ericaceae to increase; and a final further increase peaking
                around 1,250 cal. BP. The first stage (ca. 4,000-2,500 cal. BP) probably formed part
                of the final ascent of the tree line at the end of the mid-Holocene as the
                consequence of climatic improvement. Its maintenance during the second stage, while
                other tree species began to recede under unstable environmental conditions, is
                attributable to displacement of other genera such as Corylus and Quercus. Its final
                peak may have been facilitated by human disturbance of woodland, Fagus being a
                competitive species readily able to take advantage of such disturbances. That no
                such process occurred in the western Cantabrian area may be due to both the direct
                biological influence of harsher climatic conditions, and the lack of interest by
                human populations in settling highlands, which is attributable both to this climatic
                factor and to the fact that, compared with the east, this area has a greater extent
                of lowland and wide flat valleys where settlements were concentrated.</subfield>
        </datafield>
        <datafield tag="593" ind1=" " ind2=" ">
            <subfield code="a">PubAg article</subfield>
        </datafield>
        <datafield tag="650" ind1=" " ind2="3">
            <subfield code="a">Corylus</subfield>
        </datafield>
        <datafield tag="650" ind1=" " ind2="3">
            <subfield code="a">Ericaceae</subfield>
        </datafield>
        <datafield tag="650" ind1=" " ind2="3">
            <subfield code="a">Fagus sylvatica</subfield>
        </datafield>
        <datafield tag="650" ind1=" " ind2="3">
            <subfield code="a">Quercus</subfield>
        </datafield>
        <datafield tag="650" ind1=" " ind2="3">
            <subfield code="a">climatic factors</subfield>
        </datafield>
        <datafield tag="650" ind1=" " ind2="3">
            <subfield code="a">forests</subfield>
        </datafield>
        <datafield tag="650" ind1=" " ind2="3">
            <subfield code="a">glaciation</subfield>
        </datafield>
        <datafield tag="650" ind1=" " ind2="3">
            <subfield code="a">highlands</subfield>
        </datafield>
        <datafield tag="650" ind1=" " ind2="3">
            <subfield code="a">human population</subfield>
        </datafield>
        <datafield tag="650" ind1=" " ind2="3">
            <subfield code="a">humans</subfield>
        </datafield>
        <datafield tag="650" ind1=" " ind2="3">
            <subfield code="a">mountains</subfield>
        </datafield>
        <datafield tag="650" ind1=" " ind2="3">
            <subfield code="a">paleoecology</subfield>
        </datafield>
        <datafield tag="650" ind1=" " ind2="3">
            <subfield code="a">pollen</subfield>
        </datafield>
        <datafield tag="650" ind1=" " ind2="3">
            <subfield code="a">population dynamics</subfield>
        </datafield>
        <datafield tag="650" ind1=" " ind2="3">
            <subfield code="a">treeline</subfield>
        </datafield>
        <datafield tag="650" ind1=" " ind2="3">
            <subfield code="a">trees</subfield>
        </datafield>
        <datafield tag="650" ind1=" " ind2="3">
            <subfield code="a">valleys</subfield>
        </datafield>
        <datafield tag="651" ind1=" " ind2="3">
            <subfield code="a">Iberian Peninsula</subfield>
        </datafield>
        <datafield tag="700" ind1="1" ind2=" ">
            <subfield code="a">Ramil-Rego, P.</subfield>
        </datafield>
        <datafield tag="700" ind1="1" ind2=" ">
            <subfield code="a">Gómez-Orellana, L.</subfield>
        </datafield>
        <datafield tag="700" ind1="1" ind2=" ">
            <subfield code="a">Ferreiro da Costa, J.</subfield>
        </datafield>
        <datafield tag="700" ind1="1" ind2=" ">
            <subfield code="a">Díaz Varela, R. A.</subfield>
        </datafield>
        <datafield tag="773" ind1="0" ind2=" ">
            <subfield code="t">Plant ecology.</subfield>
            <subfield code="g">2009 Aug., v. 203, no. 2 p.317-340</subfield>
            <subfield code="d">Springer Netherlands</subfield>
            <subfield code="x">1385-0237</subfield>
            <subfield code="7">nnas</subfield>
        </datafield>
        <datafield tag="787" ind1="1" ind2=" ">
            <subfield code="o">islandora_article_repository</subfield>
        </datafield>
        <datafield tag="787" ind1="1" ind2=" ">
            <subfield code="o">product_pubag</subfield>
        </datafield>
        <datafield tag="787" ind1="1" ind2=" ">
            <subfield code="o">(Journal)jnl55230</subfield>
        </datafield>
        <datafield tag="852" ind1=" " ind2=" ">
            <subfield code="a">DNAL</subfield>
        </datafield>
        <datafield tag="856" ind1="4" ind2="0">
            <subfield code="u">http://dx.doi.org/10.1007/s11258-008-9552-5</subfield>
        </datafield>
        <datafield tag="912" ind1=" " ind2=" ">
            <subfield code="a">Article</subfield>
        </datafield>
        <datafield tag="914" ind1=" " ind2=" ">
            <subfield code="a">Journal:jnl55230</subfield>
            <subfield code="b">1385-0237</subfield>
            <subfield code="c">203</subfield>
            <subfield code="d">2</subfield>
            <subfield code="e">317</subfield>
        </datafield>
        <datafield tag="914" ind1=" " ind2=" ">
            <subfield code="f">Plant ecology</subfield>
        </datafield>
        <datafield tag="917" ind1=" " ind2=" ">
            <subfield code="a">issued</subfield>
        </datafield>
        <datafield tag="935" ind1=" " ind2=" ">
            <subfield code="a">IND44225045</subfield>
            <subfield code="9">ExL</subfield>
        </datafield>
        <datafield tag="949" ind1=" " ind2=" ">
            <subfield code="a">2013-12-12</subfield>
        </datafield>
        <datafield tag="962" ind1=" " ind2=" ">
            <subfield code="a">Journal ISSN is 1573-5052</subfield>
        </datafield>
        <datafield tag="962" ind1=" " ind2=" ">
            <subfield code="a">Batch:384 annotated on 2013-11-18T12:04:45Z</subfield>
        </datafield>
        <datafield tag="962" ind1=" " ind2=" ">
            <subfield code="a">Batch:384 reviewed on 2013-12-09T11:00:03Z</subfield>
        </datafield>
        <datafield tag="962" ind1=" " ind2=" ">
            <subfield code="a">Batch:384 reviewed on 2013-12-12T04:00:03Z</subfield>
        </datafield>
        <datafield tag="974" ind1=" " ind2=" ">
            <subfield code="a">agid:431382</subfield>
        </datafield>
        <datafield tag="984" ind1=" " ind2=" ">
            <subfield code="a">2009-07-04</subfield>
        </datafield>
        <datafield tag="985" ind1=" " ind2=" ">
            <subfield code="a">Converted from MARCXML to MODS version 3.4 using
                MARC21slim2MODS3-4.xsl (Revision 1.77 2012/03/23)</subfield>
        </datafield>
        <datafield tag="986" ind1=" " ind2=" ">
            <subfield code="a">4225045</subfield>
        </datafield>
    </record>