
    <record>
        <leader>04659nab a2200709 u 4500</leader>
        <controlfield tag="001">9915803108507426</controlfield>
        <controlfield tag="005">20221122233129.0</controlfield>
        <controlfield tag="008">190411e201711 xx |||||o|||||||||||eng||</controlfield>
        <datafield tag="016" ind1="7" ind2=" ">
            <subfield code="a">IND605840247</subfield>
            <subfield code="2">DNAL</subfield>
        </datafield>
        <datafield tag="024" ind1="7" ind2=" ">
            <subfield code="a">10.1016/j.actao.2017.09.013</subfield>
            <subfield code="2">doi</subfield>
        </datafield>
        <datafield tag="035" ind1=" " ind2=" ">
            <subfield code="a">agid:5840247-01nal_inst</subfield>
        </datafield>
        <datafield tag="040" ind1=" " ind2=" ">
            <subfield code="a">AGL</subfield>
            <subfield code="b">eng</subfield>
            <subfield code="c">AGL</subfield>
        </datafield>
        <datafield tag="100" ind1="1" ind2=" ">
            <subfield code="a">Saavedra, Francisco</subfield>
            <subfield code="e">author</subfield>
            <subfield code="u">Institute of Biology/Geobotany and Botanical Garden, Martin Luther
                University Halle-Wittenberg, Am Kirchtor1, 06108 Halle, Germany</subfield>
        </datafield>
        <datafield tag="245" ind1="1" ind2="0">
            <subfield code="a">Seed-deposition and recruitment patterns of Clusia species in a
                disturbed tropical montane forest in Bolivia</subfield>
        </datafield>
        <datafield tag="300" ind1=" " ind2=" ">
            <subfield code="a">p. 85-92.</subfield>
        </datafield>
        <datafield tag="520" ind1=" " ind2=" ">
            <subfield code="a">Spatial patterns of seed dispersal and recruitment of fleshy-fruited
                plants in tropical forests are supposed to be driven by the activity of animal seed
                dispersers, but the spatial patterns of seed dispersal, seedlings and saplings have
                rarely been analyzed simultaneously. We studied seed deposition and recruitment
                patterns of three Clusia species in a tropical montane forest of the Bolivian Andes
                and tested whether these patterns changed between habitat types (forest edge vs.
                forest interior), distance to the fruiting tree and consecutive recruitment stages
                of the seedlings. We recorded the number of seeds deposited in seed traps to assess
                the local seed-deposition pattern and the abundance and distribution of seedlings
                and saplings to evaluate the spatial pattern of recruitment. More seeds were removed
                and deposited at the forest edge than in the interior. The number of deposited seeds
                decreased with distance from the fruiting tree and was spatially clustered in both
                habitat types. The density of 1-yr-old seedlings and saplings was higher at forest
                edges, whereas the density of 2-yr-old seedlings was similar in both habitat types.
                While seedlings were almost randomly distributed, seeds and saplings were spatially
                clustered in both habitat types. Our findings demonstrate systematic changes in
                spatial patterns of recruits across the plant regeneration cycle and suggest that
                the differential effects of biotic and abiotic factors determine plant recruitment
                at the edges and in the interior of tropical montane forests. These differences in
                the spatial distribution of individuals across recruitment stages may have strong
                effects on plant community dynamics and influence plant species coexistence in
                disturbed tropical forests.</subfield>
        </datafield>
        <datafield tag="592" ind1=" " ind2=" ">
            <subfield code="a">Publisher supplied data</subfield>
        </datafield>
        <datafield tag="593" ind1=" " ind2=" ">
            <subfield code="a">PubAg article</subfield>
        </datafield>
        <datafield tag="650" ind1=" " ind2="3">
            <subfield code="a">Clusia</subfield>
        </datafield>
        <datafield tag="650" ind1=" " ind2="3">
            <subfield code="a">animals</subfield>
        </datafield>
        <datafield tag="650" ind1=" " ind2="3">
            <subfield code="a">edge effects</subfield>
        </datafield>
        <datafield tag="650" ind1=" " ind2="3">
            <subfield code="a">environmental factors</subfield>
        </datafield>
        <datafield tag="650" ind1=" " ind2="3">
            <subfield code="a">habitats</subfield>
        </datafield>
        <datafield tag="650" ind1=" " ind2="3">
            <subfield code="a">montane forests</subfield>
        </datafield>
        <datafield tag="650" ind1=" " ind2="3">
            <subfield code="a">plant communities</subfield>
        </datafield>
        <datafield tag="650" ind1=" " ind2="3">
            <subfield code="a">saplings</subfield>
        </datafield>
        <datafield tag="650" ind1=" " ind2="3">
            <subfield code="a">seedlings</subfield>
        </datafield>
        <datafield tag="650" ind1=" " ind2="3">
            <subfield code="a">seeds</subfield>
        </datafield>
        <datafield tag="650" ind1=" " ind2="3">
            <subfield code="a">species recruitment</subfield>
        </datafield>
        <datafield tag="650" ind1=" " ind2="3">
            <subfield code="a">traps</subfield>
        </datafield>
        <datafield tag="650" ind1=" " ind2="3">
            <subfield code="a">tropical forests</subfield>
        </datafield>
        <datafield tag="651" ind1=" " ind2="3">
            <subfield code="a">Andes region</subfield>
        </datafield>
        <datafield tag="651" ind1=" " ind2="3">
            <subfield code="a">Bolivia</subfield>
        </datafield>
        <datafield tag="653" ind1=" " ind2="0">
            <subfield code="a">Clusia</subfield>
        </datafield>
        <datafield tag="653" ind1=" " ind2="0">
            <subfield code="a">Forest edge</subfield>
        </datafield>
        <datafield tag="653" ind1=" " ind2="0">
            <subfield code="a">Frugivorous birds</subfield>
        </datafield>
        <datafield tag="653" ind1=" " ind2="0">
            <subfield code="a">Recruitment stages</subfield>
        </datafield>
        <datafield tag="653" ind1=" " ind2="0">
            <subfield code="a">Seed dispersal</subfield>
        </datafield>
        <datafield tag="653" ind1=" " ind2="0">
            <subfield code="a">Seedling establishment</subfield>
        </datafield>
        <datafield tag="700" ind1="1" ind2=" ">
            <subfield code="a">Hensen, Isabell</subfield>
            <subfield code="e">author</subfield>
            <subfield code="u">Institute of Biology/Geobotany and Botanical Garden, Martin Luther
                University Halle-Wittenberg, Am Kirchtor1, 06108 Halle, Germany</subfield>
        </datafield>
        <datafield tag="700" ind1="1" ind2=" ">
            <subfield code="a">Apaza Quevedo, Amira</subfield>
            <subfield code="e">author</subfield>
            <subfield code="u">Institute of Biology/Geobotany and Botanical Garden, Martin Luther
                University Halle-Wittenberg, Am Kirchtor1, 06108 Halle, Germany</subfield>
        </datafield>
        <datafield tag="700" ind1="1" ind2=" ">
            <subfield code="a">Neuschulz, Eike Lena</subfield>
            <subfield code="e">author</subfield>
            <subfield code="u">Senckenberg Biodiversity and Climate Research Centre (BiK-F),
                Senckenberganlage 25, 60325 Frankfurt (Main), Germany</subfield>
            <subfield code="1">https://orcid.org/0000-0001-7526-2580</subfield>
        </datafield>
        <datafield tag="700" ind1="1" ind2=" ">
            <subfield code="a">Schleuning, Matthias</subfield>
            <subfield code="e">author</subfield>
            <subfield code="u">Senckenberg Biodiversity and Climate Research Centre (BiK-F),
                Senckenberganlage 25, 60325 Frankfurt (Main), Germany</subfield>
        </datafield>
        <datafield tag="773" ind1="0" ind2=" ">
            <subfield code="t">Acta oecologica.</subfield>
            <subfield code="g">2017 Nov., v. 85 p.85-92</subfield>
            <subfield code="d">Elsevier Masson SAS</subfield>
            <subfield code="w">Journal:2127</subfield>
            <subfield code="x">1146-609X</subfield>
            <subfield code="7">nnas</subfield>
        </datafield>
        <datafield tag="787" ind1="1" ind2=" ">
            <subfield code="o">islandora_article_repository</subfield>
        </datafield>
        <datafield tag="787" ind1="1" ind2=" ">
            <subfield code="o">product_pubag</subfield>
        </datafield>
        <datafield tag="787" ind1="1" ind2=" ">
            <subfield code="o">(Journal)2127</subfield>
        </datafield>
        <datafield tag="856" ind1="4" ind2="0">
            <subfield code="u">http://dx.doi.org/10.1016/j.actao.2017.09.013</subfield>
            <subfield code="3">Available from publisher's site</subfield>
        </datafield>
        <datafield tag="912" ind1=" " ind2=" ">
            <subfield code="a">Article</subfield>
        </datafield>
        <datafield tag="914" ind1=" " ind2=" ">
            <subfield code="a">Journal:2127</subfield>
            <subfield code="b">1146-609X</subfield>
            <subfield code="c">85</subfield>
            <subfield code="e">85</subfield>
        </datafield>
        <datafield tag="914" ind1=" " ind2=" ">
            <subfield code="f">Acta oecologica</subfield>
        </datafield>
        <datafield tag="916" ind1=" " ind2=" ">
            <subfield code="a">Batch:1910</subfield>
        </datafield>
        <datafield tag="917" ind1=" " ind2=" ">
            <subfield code="a">issued</subfield>
        </datafield>
        <datafield tag="918" ind1="2" ind2=" ">
            <subfield code="a">Elsevier Consyn</subfield>
            <subfield code="e">provider</subfield>
            <subfield code="5">DNAL</subfield>
        </datafield>
        <datafield tag="935" ind1=" " ind2=" ">
            <subfield code="a">IND605840247</subfield>
            <subfield code="9">ExL</subfield>
        </datafield>
        <datafield tag="949" ind1=" " ind2=" ">
            <subfield code="a">2019-04-11</subfield>
        </datafield>
        <datafield tag="953" ind1=" " ind2=" ">
            <subfield code="a"
                >/data/metadata/incoming/consyn-backfiles/46-2-00095-HEAD-ONLY.zip</subfield>
        </datafield>
        <datafield tag="954" ind1=" " ind2=" ">
            <subfield code="a"
                >file:/data/metadata/staging/consyn-backfiles/S1146609X16301746.xml</subfield>
        </datafield>
        <datafield tag="955" ind1=" " ind2=" ">
            <subfield code="a">/data/metadata/staging/consyn-backfiles/</subfield>
        </datafield>
        <datafield tag="974" ind1=" " ind2=" ">
            <subfield code="a">agid:5840247</subfield>
        </datafield>
        <datafield tag="983" ind1=" " ind2=" ">
            <subfield code="a">2019-04-11</subfield>
        </datafield>
        <datafield tag="984" ind1=" " ind2=" ">
            <subfield code="a">2019-05-04</subfield>
        </datafield>
    </record>