
    <record>
        <leader>04565nab a2200685 u 4500</leader>
        <controlfield tag="001">9915803370407426</controlfield>
        <controlfield tag="005">20221121021315.0</controlfield>
        <controlfield tag="008">150505e201412 xx |||||o|||||||||||eng||</controlfield>
        <datafield tag="016" ind1="7" ind2=" ">
            <subfield code="a">IND601325978</subfield>
            <subfield code="2">DNAL</subfield>
        </datafield>
        <datafield tag="024" ind1="7" ind2=" ">
            <subfield code="a">10.1111/jbi.12396</subfield>
            <subfield code="2">doi</subfield>
        </datafield>
        <datafield tag="035" ind1=" " ind2=" ">
            <subfield code="a">agid:1325978-01nal_inst</subfield>
        </datafield>
        <datafield tag="040" ind1=" " ind2=" ">
            <subfield code="a">AGL</subfield>
            <subfield code="b">eng</subfield>
            <subfield code="c">AGL</subfield>
        </datafield>
        <datafield tag="100" ind1="1" ind2=" ">
            <subfield code="a">Ramírez‐Barahona, Santiago</subfield>
            <subfield code="e">author</subfield>
            <subfield code="u">Departamento de Ecología Evolutiva, Instituto de Ecología,
                Universidad Nacional Autónoma de México, Circuito exterior s/n anexo al Jardín
                Botánico, Ciudad Universitaria, 04510, México DF, México</subfield>
        </datafield>
        <datafield tag="245" ind1="1" ind2="0">
            <subfield code="a">Changes in the distribution of cloud forests during the last glacial
                predict the patterns of genetic diversity and demographic history of the tree fern
                Alsophila firma (Cyatheaceae)</subfield>
        </datafield>
        <datafield tag="300" ind1=" " ind2=" ">
            <subfield code="a">p. 2396-2407.</subfield>
        </datafield>
        <datafield tag="520" ind1=" " ind2=" ">
            <subfield code="a">AIM: We investigated changes in distribution of cloud forests during
                the last 130 kyr, and tested whether these changes explain the spatial patterns of
                genetic diversity of the tree fern Alsophila firma (Cyatheaceae), a species
                restricted to this habitat. LOCATION: Mexican cloud forests. METHODS: We sampled 204
                individuals from 16 localities. Genetic data consisted of DNA sequences for five
                chloroplast microsatellites and one nuclear gene. We used distribution modelling to
                predict the historical distribution of cloud forests during the last glacial period,
                using two palaeoclimate models: the Model for Interdisciplinary Research on Climate
                (MIROC) and the Community Climate System Model (CCSM). We tested the correlation
                between temporal cloud forest stability and genetic diversity and used an
                approximate Bayesian computation (ABC) framework to test two plausible demographic
                scenarios. RESULTS: The range fluctuations observed for cloud forests during the
                last 130 kyr are key factors affecting the distribution of genetic variation in A.
                firma. Increased genetic diversity in areas with high temporal environmental
                suitability is probably the result of increased population sizes and higher
                interpopulation connectivity. In accordance with the expansion of cloud forests
                predicted by CCSM, the genetic data supported the scenario of a population expansion
                occurring c. 110 ka, followed by population divergence c. 20 ka. However, population
                dynamics involving expansion of suitable microclimates could reconcile the stability
                of cloud forests predicted by MIROC and the observed genetic patterns. MAIN
                CONCLUSIONS: The predicted changes in the distribution of cloud forests were
                congruent with the population genetics of A. firma. However, the choice of
                palaeoclimate model has a substantial impact on the inferences drawn from the
                observed genetic and demographic patterns. The use of alternative palaeoclimate
                hypotheses and biome modelling can provide a common analytical framework for
                evaluating the historical cohesiveness of forest communities.</subfield>
        </datafield>
        <datafield tag="592" ind1=" " ind2=" ">
            <subfield code="a">Publisher supplied data</subfield>
        </datafield>
        <datafield tag="593" ind1=" " ind2=" ">
            <subfield code="a">PubAg article</subfield>
        </datafield>
        <datafield tag="650" ind1=" " ind2="3">
            <subfield code="a">Alsophila (fern)</subfield>
        </datafield>
        <datafield tag="650" ind1=" " ind2="3">
            <subfield code="a">Bayesian theory</subfield>
        </datafield>
        <datafield tag="650" ind1=" " ind2="3">
            <subfield code="a">DNA</subfield>
        </datafield>
        <datafield tag="650" ind1=" " ind2="3">
            <subfield code="a">chloroplasts</subfield>
        </datafield>
        <datafield tag="650" ind1=" " ind2="3">
            <subfield code="a">climate models</subfield>
        </datafield>
        <datafield tag="650" ind1=" " ind2="3">
            <subfield code="a">cohesion</subfield>
        </datafield>
        <datafield tag="650" ind1=" " ind2="3">
            <subfield code="a">ecosystems</subfield>
        </datafield>
        <datafield tag="650" ind1=" " ind2="3">
            <subfield code="a">forest communities</subfield>
        </datafield>
        <datafield tag="650" ind1=" " ind2="3">
            <subfield code="a">genes</subfield>
        </datafield>
        <datafield tag="650" ind1=" " ind2="3">
            <subfield code="a">genetic stability</subfield>
        </datafield>
        <datafield tag="650" ind1=" " ind2="3">
            <subfield code="a">genetic variation</subfield>
        </datafield>
        <datafield tag="650" ind1=" " ind2="3">
            <subfield code="a">habitats</subfield>
        </datafield>
        <datafield tag="650" ind1=" " ind2="3">
            <subfield code="a">interdisciplinary research</subfield>
        </datafield>
        <datafield tag="650" ind1=" " ind2="3">
            <subfield code="a">microclimate</subfield>
        </datafield>
        <datafield tag="650" ind1=" " ind2="3">
            <subfield code="a">microsatellite repeats</subfield>
        </datafield>
        <datafield tag="650" ind1=" " ind2="3">
            <subfield code="a">population dynamics</subfield>
        </datafield>
        <datafield tag="650" ind1=" " ind2="3">
            <subfield code="a">population genetics</subfield>
        </datafield>
        <datafield tag="650" ind1=" " ind2="3">
            <subfield code="a">population size</subfield>
        </datafield>
        <datafield tag="650" ind1=" " ind2="3">
            <subfield code="a">tree ferns</subfield>
        </datafield>
        <datafield tag="650" ind1=" " ind2="3">
            <subfield code="a">tropical montane cloud forests</subfield>
        </datafield>
        <datafield tag="700" ind1="1" ind2=" ">
            <subfield code="a">Eguiarte, Luis E.</subfield>
            <subfield code="e">author</subfield>
        </datafield>
        <datafield tag="700" ind1="1" ind2=" ">
            <subfield code="a">Linder, Peter</subfield>
            <subfield code="e">author</subfield>
        </datafield>
        <datafield tag="773" ind1="0" ind2=" ">
            <subfield code="t">Journal of biogeography.</subfield>
            <subfield code="g">2014 Dec., v. 41, no. 12 p.2396-2407</subfield>
            <subfield code="d">Blackwell Scientific Publications.</subfield>
            <subfield code="x">0305-0270</subfield>
            <subfield code="7">nnas</subfield>
        </datafield>
        <datafield tag="787" ind1="1" ind2=" ">
            <subfield code="o">islandora_article_repository</subfield>
        </datafield>
        <datafield tag="787" ind1="1" ind2=" ">
            <subfield code="o">product_pubag</subfield>
        </datafield>
        <datafield tag="787" ind1="1" ind2=" ">
            <subfield code="o">(Journal)jnl9765</subfield>
        </datafield>
        <datafield tag="856" ind1="4" ind2="0">
            <subfield code="u">http://dx.doi.org/10.1111/jbi.12396</subfield>
            <subfield code="3">Available from publisher's site</subfield>
        </datafield>
        <datafield tag="912" ind1=" " ind2=" ">
            <subfield code="a">Article</subfield>
        </datafield>
        <datafield tag="914" ind1=" " ind2=" ">
            <subfield code="a">Journal:jnl9765</subfield>
            <subfield code="b">0305-0270</subfield>
            <subfield code="c">41</subfield>
            <subfield code="d">12</subfield>
            <subfield code="e">2396</subfield>
        </datafield>
        <datafield tag="914" ind1=" " ind2=" ">
            <subfield code="f">Journal of biogeography</subfield>
        </datafield>
        <datafield tag="916" ind1=" " ind2=" ">
            <subfield code="a">Batch:1011</subfield>
        </datafield>
        <datafield tag="917" ind1=" " ind2=" ">
            <subfield code="a">issued</subfield>
        </datafield>
        <datafield tag="918" ind1="2" ind2=" ">
            <subfield code="a">John Wiley &amp; Sons, Inc</subfield>
            <subfield code="e">provider</subfield>
            <subfield code="5">DNAL</subfield>
        </datafield>
        <datafield tag="935" ind1=" " ind2=" ">
            <subfield code="a">IND601325978</subfield>
            <subfield code="9">ExL</subfield>
        </datafield>
        <datafield tag="949" ind1=" " ind2=" ">
            <subfield code="a">2015-08-24</subfield>
        </datafield>
        <datafield tag="953" ind1=" " ind2=" ">
            <subfield code="a">03050270_2014_41_12.xml</subfield>
        </datafield>
        <datafield tag="962" ind1=" " ind2=" ">
            <subfield code="a">Batch:1011 reviewed on 2015-08-24T11:00:02Z</subfield>
        </datafield>
        <datafield tag="962" ind1=" " ind2=" ">
            <subfield code="a">Batch:1011 reviewed on 2015-08-24T16:00:02Z</subfield>
        </datafield>
        <datafield tag="962" ind1=" " ind2=" ">
            <subfield code="a">Batch:1011 reviewed on 2015-08-24T18:00:04Z</subfield>
        </datafield>
        <datafield tag="974" ind1=" " ind2=" ">
            <subfield code="a">agid:1325978</subfield>
        </datafield>
        <datafield tag="983" ind1=" " ind2=" ">
            <subfield code="a">2015-05-05</subfield>
        </datafield>
        <datafield tag="984" ind1=" " ind2=" ">
            <subfield code="a">2015-08-24</subfield>
        </datafield>
    </record>