
    <record>
        <leader>04386nab a2200649 u 4500</leader>
        <controlfield tag="001">9915803870907426</controlfield>
        <controlfield tag="005">20221122201045.0</controlfield>
        <controlfield tag="008">200916e20201002xx |||||o|||||||||||eng||</controlfield>
        <datafield tag="016" ind1="7" ind2=" ">
            <subfield code="a">IND607110509</subfield>
            <subfield code="2">DNAL</subfield>
        </datafield>
        <datafield tag="024" ind1="7" ind2=" ">
            <subfield code="a">10.1080/15592324.2020.1795580</subfield>
            <subfield code="2">doi</subfield>
        </datafield>
        <datafield tag="035" ind1=" " ind2=" ">
            <subfield code="a">agid:7110509-01nal_inst</subfield>
        </datafield>
        <datafield tag="040" ind1=" " ind2=" ">
            <subfield code="a">AGL</subfield>
            <subfield code="b">eng</subfield>
            <subfield code="c">AGL</subfield>
        </datafield>
        <datafield tag="100" ind1="1" ind2=" ">
            <subfield code="a">Zapata, Rodolfo</subfield>
            <subfield code="e">author</subfield>
            <subfield code="u"> ITACA - Institute of Information and Communication Technologies,
                Research Group ICT against Climate Change, Universitat Politècnica De València,
                València, Spain</subfield>
        </datafield>
        <datafield tag="245" ind1="1" ind2="0">
            <subfield code="a">Evaluation of electrical signals in pine trees in a mediterranean
                forest ecosystem</subfield>
        </datafield>
        <datafield tag="500" ind1=" " ind2=" ">
            <subfield code="a">NAL-AP-2-clean</subfield>
        </datafield>
        <datafield tag="520" ind1=" " ind2=" ">
            <subfield code="a">Electric potential differences in living plants are explained by
                theories based on sap flow. In order to acquire more advanced knowledge about the
                spatial distribution of these electric potential measures in trees, this research
                aims to analyze electrical signals in a population of Aleppo pines (Pinus halepensis
                Mill.) in a representative Mediterranean forest ecosystem. The specific research
                objective is to assess some of the most significant factors that influence the
                distribution pattern of those electric signals: tree age, measurement type and
                electrode placement. The research has been conducted in representative forest
                stands, obtaining measurements of different representative trees. After a
                statistical evaluation of the obtained results, the main conclusions of our research
                are: A.Tree maturity influences directly on electric potential. B.Maximum electrical
                signals can be measured in young pines showing values of 0.6 V and 0.6 µA for
                voltage and current, respectively. C.The distribution patterns of both voltage and
                short-circuit current depending on electrode placement are uniform.</subfield>
        </datafield>
        <datafield tag="592" ind1=" " ind2=" ">
            <subfield code="a">Publisher supplied data</subfield>
        </datafield>
        <datafield tag="593" ind1=" " ind2=" ">
            <subfield code="a">PubAg article</subfield>
        </datafield>
        <datafield tag="650" ind1=" " ind2="3">
            <subfield code="a">Pinus halepensis</subfield>
        </datafield>
        <datafield tag="650" ind1=" " ind2="3">
            <subfield code="a">behavior</subfield>
        </datafield>
        <datafield tag="650" ind1=" " ind2="3">
            <subfield code="a">electric potential difference</subfield>
        </datafield>
        <datafield tag="650" ind1=" " ind2="3">
            <subfield code="a">electrodes</subfield>
        </datafield>
        <datafield tag="650" ind1=" " ind2="3">
            <subfield code="a">forest ecosystems</subfield>
        </datafield>
        <datafield tag="650" ind1=" " ind2="3">
            <subfield code="a">forests</subfield>
        </datafield>
        <datafield tag="650" ind1=" " ind2="3">
            <subfield code="a">sap flow</subfield>
        </datafield>
        <datafield tag="650" ind1=" " ind2="3">
            <subfield code="a">tree age</subfield>
        </datafield>
        <datafield tag="653" ind1=" " ind2="0">
            <subfield code="a">Natural electric signs</subfield>
        </datafield>
        <datafield tag="653" ind1=" " ind2="0">
            <subfield code="a">plant electrical potential</subfield>
        </datafield>
        <datafield tag="653" ind1=" " ind2="0">
            <subfield code="a">natural electrical power</subfield>
        </datafield>
        <datafield tag="653" ind1=" " ind2="0">
            <subfield code="a">mediterranean pines</subfield>
        </datafield>
        <datafield tag="653" ind1=" " ind2="0">
            <subfield code="a">tree age influence</subfield>
        </datafield>
        <datafield tag="653" ind1=" " ind2="0">
            <subfield code="a">electrode placement influence</subfield>
        </datafield>
        <datafield tag="653" ind1=" " ind2="0">
            <subfield code="a">adaptive forest management</subfield>
        </datafield>
        <datafield tag="700" ind1="1" ind2=" ">
            <subfield code="a">Oliver-Villanueva, Jose-Vicente</subfield>
            <subfield code="e">author</subfield>
            <subfield code="u"> ITACA - Institute of Information and Communication Technologies,
                Research Group ICT against Climate Change, Universitat Politècnica De València,
                València, Spain</subfield>
        </datafield>
        <datafield tag="700" ind1="1" ind2=" ">
            <subfield code="a">Lemus-Zúñiga, Lenin-Guillermo</subfield>
            <subfield code="e">author</subfield>
            <subfield code="u"> ITACA - Institute of Information and Communication Technologies,
                Research Group ICT against Climate Change, Universitat Politècnica De València,
                València, Spain</subfield>
        </datafield>
        <datafield tag="700" ind1="1" ind2=" ">
            <subfield code="a">Luzuriaga, Jorge E.</subfield>
            <subfield code="e">author</subfield>
            <subfield code="u"> ITACA - Institute of Information and Communication Technologies,
                Research Group ICT against Climate Change, Universitat Politècnica De València,
                València, Spain</subfield>
        </datafield>
        <datafield tag="700" ind1="1" ind2=" ">
            <subfield code="a">Mateo Pla, Miguel A.</subfield>
            <subfield code="e">author</subfield>
            <subfield code="u"> ITACA - Institute of Information and Communication Technologies,
                Research Group ICT against Climate Change, Universitat Politècnica De València,
                València, Spain</subfield>
        </datafield>
        <datafield tag="700" ind1="1" ind2=" ">
            <subfield code="a">Urchueguía, Javier F.</subfield>
            <subfield code="e">author</subfield>
            <subfield code="u"> ITACA - Institute of Information and Communication Technologies,
                Research Group ICT against Climate Change, Universitat Politècnica De València,
                València, Spain</subfield>
        </datafield>
        <datafield tag="773" ind1="0" ind2=" ">
            <subfield code="t">Plant signaling &amp; behavior.</subfield>
            <subfield code="g">2020 Oct. 02, v. 15, no. 10 p.1795580-</subfield>
            <subfield code="d">Taylor &amp; Francis</subfield>
            <subfield code="w">Journal:2184</subfield>
            <subfield code="x">1559-2324</subfield>
            <subfield code="7">nnas</subfield>
        </datafield>
        <datafield tag="787" ind1="1" ind2=" ">
            <subfield code="o">islandora_article_repository</subfield>
        </datafield>
        <datafield tag="787" ind1="1" ind2=" ">
            <subfield code="o">product_pubag</subfield>
        </datafield>
        <datafield tag="787" ind1="1" ind2=" ">
            <subfield code="o">(Journal)2184</subfield>
        </datafield>
        <datafield tag="856" ind1="4" ind2="0">
            <subfield code="u">http://dx.doi.org/10.1080/15592324.2020.1795580</subfield>
            <subfield code="3">Available from publisher's site</subfield>
        </datafield>
        <datafield tag="912" ind1=" " ind2=" ">
            <subfield code="a">Article</subfield>
        </datafield>
        <datafield tag="914" ind1=" " ind2=" ">
            <subfield code="a">Journal:2184</subfield>
            <subfield code="b">1559-2324</subfield>
            <subfield code="c">15</subfield>
            <subfield code="d">10</subfield>
            <subfield code="e">1795580</subfield>
        </datafield>
        <datafield tag="914" ind1=" " ind2=" ">
            <subfield code="f">Plant signaling &amp; behavior</subfield>
        </datafield>
        <datafield tag="916" ind1=" " ind2=" ">
            <subfield code="a">Batch:10100</subfield>
        </datafield>
        <datafield tag="917" ind1=" " ind2=" ">
            <subfield code="a">issued</subfield>
        </datafield>
        <datafield tag="918" ind1="2" ind2=" ">
            <subfield code="a">Taylor &amp; Francis Group</subfield>
            <subfield code="e">provider</subfield>
            <subfield code="5">DNAL</subfield>
        </datafield>
        <datafield tag="935" ind1=" " ind2=" ">
            <subfield code="a">IND607110509</subfield>
            <subfield code="9">ExL</subfield>
        </datafield>
        <datafield tag="949" ind1=" " ind2=" ">
            <subfield code="a">2021-04-19</subfield>
        </datafield>
        <datafield tag="953" ind1=" " ind2=" ">
            <subfield code="a"
                >/data/metadata/incoming/taylorfrancis/kpsb20_kpsb20.v015.i10_20200916121319#21708135.zip</subfield>
        </datafield>
        <datafield tag="954" ind1=" " ind2=" ">
            <subfield code="a"
                >file:/data/metadata/staging/taylorfrancis/15592324.2020.1795580.xml</subfield>
        </datafield>
        <datafield tag="955" ind1=" " ind2=" ">
            <subfield code="a">/data/metadata/staging/taylorfrancis/</subfield>
        </datafield>
        <datafield tag="974" ind1=" " ind2=" ">
            <subfield code="a">agid:7110509</subfield>
        </datafield>
        <datafield tag="983" ind1=" " ind2=" ">
            <subfield code="a">2020-09-16</subfield>
        </datafield>
        <datafield tag="984" ind1=" " ind2=" ">
            <subfield code="a">2021-04-19</subfield>
        </datafield>
    </record>