
    <record>
        <leader>04246nab a2200673 u 4500</leader>
        <controlfield tag="001">9915803919007426</controlfield>
        <controlfield tag="005">20221123021851.0</controlfield>
        <controlfield tag="008">170628e20171115xx |||||o|||||||||||eng||</controlfield>
        <datafield tag="016" ind1="7" ind2=" ">
            <subfield code="a">IND605679912</subfield>
            <subfield code="2">DNAL</subfield>
        </datafield>
        <datafield tag="024" ind1="7" ind2=" ">
            <subfield code="a">10.1016/j.scitotenv.2017.04.169</subfield>
            <subfield code="2">doi</subfield>
        </datafield>
        <datafield tag="035" ind1=" " ind2=" ">
            <subfield code="a">agid:5679912-01nal_inst</subfield>
        </datafield>
        <datafield tag="040" ind1=" " ind2=" ">
            <subfield code="a">AGL</subfield>
            <subfield code="b">eng</subfield>
            <subfield code="c">AGL</subfield>
        </datafield>
        <datafield tag="100" ind1="1" ind2=" ">
            <subfield code="a">Popa, Ionel</subfield>
            <subfield code="e">author</subfield>
            <subfield code="u">National Institute for Research and Development in Forestry “Marin
                Drăcea” (INCDS), Calea Bucovinei, 73bis, Câmpulung Moldovenesc, Romania</subfield>
        </datafield>
        <datafield tag="245" ind1="1" ind2="0">
            <subfield code="a">Stand structure, recruitment and growth dynamics in mixed subalpine
                spruce and Swiss stone pine forests in the Eastern Carpathians</subfield>
        </datafield>
        <datafield tag="300" ind1=" " ind2=" ">
            <subfield code="a">p. 1050-1057.</subfield>
        </datafield>
        <datafield tag="500" ind1=" " ind2=" ">
            <subfield code="a">2019-12-06</subfield>
        </datafield>
        <datafield tag="520" ind1=" " ind2=" ">
            <subfield code="a">Natural subalpine forests are considered to be sensitive to climate
                change, and forest characteristics are assumed to reflect the prevalent disturbance
                regime. We hypothesize that stand history determines different stand structures.
                Based on large full inventory datasets (including tree biometric data, spatial
                coordinates, tree age, and basal area increment) we assessed the size structure,
                tree recruitment dynamics and radial growth patterns in three permanent plots along
                an altitudinal gradient in a mixed coniferous forest (Picea abies and Pinus cembra)
                in the Eastern Carpathians. Both discrete disturbances (large scale or small scale)
                and chronic disturbances (climate change) were identified as drivers of stand
                structure development in the studied plots. A stand replacing wind disturbance
                generated a unimodal bell-shaped size and age distribution for both species
                characterized by a sharp increase in post-disturbance recruitment. By contrast,
                small-scale wind-caused gaps led to a negative exponential diameter distribution for
                spruce and a left-asymmetric unimodal for pine. Climate-driven infilling processes
                in the upper subalpine forest were reflected as J-shaped size and age distributions
                for both species, but with pine predating spruce. The growth patterns for both
                species demonstrated an increased basal area increment since the early 1900s, with
                an emphasis in the last few decades, irrespective of stand history. Pine
                demonstrated a competitive advantage compared to spruce due to the higher growth
                rate and size at the same age. Recognition of combined discrete and chronic
                disturbances as drivers of the tree layer characteristics in a subalpine coniferous
                forest is essential in both stand history analyses and growth
                predictions.</subfield>
        </datafield>
        <datafield tag="592" ind1=" " ind2=" ">
            <subfield code="a">Publisher supplied data</subfield>
        </datafield>
        <datafield tag="593" ind1=" " ind2=" ">
            <subfield code="a">PubAg article</subfield>
        </datafield>
        <datafield tag="650" ind1=" " ind2="3">
            <subfield code="a">subalpine forests</subfield>
        </datafield>
        <datafield tag="650" ind1=" " ind2="3">
            <subfield code="a">inventories</subfield>
        </datafield>
        <datafield tag="650" ind1=" " ind2="3">
            <subfield code="a">wind</subfield>
        </datafield>
        <datafield tag="650" ind1=" " ind2="3">
            <subfield code="a">tree age</subfield>
        </datafield>
        <datafield tag="650" ind1=" " ind2="3">
            <subfield code="a">data collection</subfield>
        </datafield>
        <datafield tag="650" ind1=" " ind2="3">
            <subfield code="a">coniferous forests</subfield>
        </datafield>
        <datafield tag="650" ind1=" " ind2="3">
            <subfield code="a">Picea abies</subfield>
        </datafield>
        <datafield tag="650" ind1=" " ind2="3">
            <subfield code="a">climate change</subfield>
        </datafield>
        <datafield tag="650" ind1=" " ind2="3">
            <subfield code="a">species recruitment</subfield>
        </datafield>
        <datafield tag="650" ind1=" " ind2="3">
            <subfield code="a">trees</subfield>
        </datafield>
        <datafield tag="650" ind1=" " ind2="3">
            <subfield code="a">stand basal area</subfield>
        </datafield>
        <datafield tag="650" ind1=" " ind2="3">
            <subfield code="a">Pinus cembra</subfield>
        </datafield>
        <datafield tag="650" ind1=" " ind2="3">
            <subfield code="a">stand structure</subfield>
        </datafield>
        <datafield tag="650" ind1=" " ind2="3">
            <subfield code="a">prediction</subfield>
        </datafield>
        <datafield tag="651" ind1=" " ind2="3">
            <subfield code="a">Carpathian region</subfield>
        </datafield>
        <datafield tag="653" ind1=" " ind2="0">
            <subfield code="a">Age structure</subfield>
        </datafield>
        <datafield tag="653" ind1=" " ind2="0">
            <subfield code="a">Norway spruce</subfield>
        </datafield>
        <datafield tag="653" ind1=" " ind2="0">
            <subfield code="a">High altitude forest</subfield>
        </datafield>
        <datafield tag="653" ind1=" " ind2="0">
            <subfield code="a">Disturbance</subfield>
        </datafield>
        <datafield tag="653" ind1=" " ind2="0">
            <subfield code="a">basal area</subfield>
        </datafield>
        <datafield tag="653" ind1=" " ind2="0">
            <subfield code="a">Swiss stone pine</subfield>
        </datafield>
        <datafield tag="700" ind1="1" ind2=" ">
            <subfield code="a">Nechita, Constantin</subfield>
            <subfield code="e">author</subfield>
            <subfield code="u">National Institute for Research and Development in Forestry “Marin
                Drăcea” (INCDS), Calea Bucovinei, 73bis, Câmpulung Moldovenesc, Romania</subfield>
        </datafield>
        <datafield tag="700" ind1="1" ind2=" ">
            <subfield code="a">Hofgaard, Annika</subfield>
            <subfield code="e">author</subfield>
            <subfield code="u">Norwegian Institute for Nature Research (NINA), NO-7485 Trondheim,
                Norway</subfield>
        </datafield>
        <datafield tag="773" ind1="0" ind2=" ">
            <subfield code="t">Science of the total environment.</subfield>
            <subfield code="g">2017 Nov. 15, v. 598 p.1050-1057</subfield>
            <subfield code="d">Elsevier B.V.</subfield>
            <subfield code="x">0048-9697</subfield>
            <subfield code="7">nnas</subfield>
        </datafield>
        <datafield tag="787" ind1="1" ind2=" ">
            <subfield code="o">islandora_article_repository</subfield>
        </datafield>
        <datafield tag="787" ind1="1" ind2=" ">
            <subfield code="o">product_pubag</subfield>
        </datafield>
        <datafield tag="787" ind1="1" ind2=" ">
            <subfield code="o">(Journal)jnl4455</subfield>
        </datafield>
        <datafield tag="856" ind1="4" ind2="0">
            <subfield code="u">http://dx.doi.org/10.1016/j.scitotenv.2017.04.169</subfield>
            <subfield code="3">Available from publisher's site</subfield>
        </datafield>
        <datafield tag="912" ind1=" " ind2=" ">
            <subfield code="a">Article</subfield>
        </datafield>
        <datafield tag="914" ind1=" " ind2=" ">
            <subfield code="a">Journal:jnl4455</subfield>
            <subfield code="b">0048-9697</subfield>
        </datafield>
        <datafield tag="914" ind1=" " ind2=" ">
            <subfield code="f">Science of the total environment</subfield>
        </datafield>
        <datafield tag="916" ind1=" " ind2=" ">
            <subfield code="a">Batch:1716</subfield>
        </datafield>
        <datafield tag="917" ind1=" " ind2=" ">
            <subfield code="a">issued</subfield>
        </datafield>
        <datafield tag="918" ind1="2" ind2=" ">
            <subfield code="a">Elsevier Consyn</subfield>
            <subfield code="e">provider</subfield>
            <subfield code="5">DNAL</subfield>
        </datafield>
        <datafield tag="935" ind1=" " ind2=" ">
            <subfield code="a">IND605679912</subfield>
            <subfield code="9">ExL</subfield>
        </datafield>
        <datafield tag="949" ind1=" " ind2=" ">
            <subfield code="a">2017-06-14</subfield>
        </datafield>
        <datafield tag="953" ind1=" " ind2=" ">
            <subfield code="a">20860-00001-HEAD-ONLY-NALCOLLECTIONDEVELOPMENT.zip</subfield>
        </datafield>
        <datafield tag="974" ind1=" " ind2=" ">
            <subfield code="a">agid:5679912</subfield>
        </datafield>
        <datafield tag="983" ind1=" " ind2=" ">
            <subfield code="a">2017-06-28</subfield>
        </datafield>
        <datafield tag="984" ind1=" " ind2=" ">
            <subfield code="a">2017-06-28</subfield>
        </datafield>
    </record>