
    <record>
        <leader>03266nab a2200505 u 4500</leader>
        <controlfield tag="001">9915804615407426</controlfield>
        <controlfield tag="005">20221121031150.0</controlfield>
        <controlfield tag="008">160116e201512 xx |||||o|||||||||||eng||</controlfield>
        <datafield tag="016" ind1="7" ind2=" ">
            <subfield code="a">IND604789704</subfield>
            <subfield code="2">DNAL</subfield>
        </datafield>
        <datafield tag="024" ind1="7" ind2=" ">
            <subfield code="a">10.1111/aje.12240</subfield>
            <subfield code="2">doi</subfield>
        </datafield>
        <datafield tag="035" ind1=" " ind2=" ">
            <subfield code="a">agid:4789704-01nal_inst</subfield>
        </datafield>
        <datafield tag="040" ind1=" " ind2=" ">
            <subfield code="a">AGL</subfield>
            <subfield code="b">eng</subfield>
            <subfield code="c">AGL</subfield>
        </datafield>
        <datafield tag="100" ind1="1" ind2=" ">
            <subfield code="a">Bulafu, Collins Edward</subfield>
            <subfield code="e">author</subfield>
            <subfield code="u">Department of Biological Sciences, School of Bio‐Sciences, College of
                Natural Sciences, Makerere University, PO Box 7062, Kampala, Uganda</subfield>
        </datafield>
        <datafield tag="245" ind1="1" ind2="0">
            <subfield code="a">Disturbance‐driven variation in abundance–occupancy relationships
                over time in tropical forest fragments</subfield>
        </datafield>
        <datafield tag="300" ind1=" " ind2=" ">
            <subfield code="a">p. 502-511.</subfield>
        </datafield>
        <datafield tag="520" ind1=" " ind2=" ">
            <subfield code="a">A central problem in ecology is to understand spatial–temporal
                variation in abundance–occupancy relationship (AOR) and to identify the biological
                and anthropogenic drivers behind this variation. How AOR is influenced by ecological
                traits and anthropogenic disturbances is poorly understood. A data set of woody
                plants from eleven forest fragments around Kampala area, Uganda, recorded in 1990
                and resampled in 2010 was used to analyse spatial variation in AORs at regional
                scales, variation between tree size classes and temporal change in these patterns.
                Slopes of the AORs for each forest were related to data on forest disturbances and
                effects of species traits on AOR at regional scales assessed. There were
                statistically significant positive interspecific AORs at regional scales. Over two
                decades, the strength of AOR and slopes increased at the regional scale. At local
                scale, slopes decreased, in correspondence with increasing disturbance. Species
                traits interacted with abundance to explain statistically significant variation in
                occupancy. Species successional status best explained occupancy variability.
                Incorporating species' traits and anthropogenic disturbance over time may lead to
                better understanding of the variation in interspecific AOR, and these results
                suggest that anthropogenic exploitation could be responsible for the changes in
                slope over time.</subfield>
        </datafield>
        <datafield tag="592" ind1=" " ind2=" ">
            <subfield code="a">Publisher supplied data</subfield>
        </datafield>
        <datafield tag="593" ind1=" " ind2=" ">
            <subfield code="a">PubAg article</subfield>
        </datafield>
        <datafield tag="650" ind1=" " ind2="3">
            <subfield code="a">anthropogenic activities</subfield>
        </datafield>
        <datafield tag="650" ind1=" " ind2="3">
            <subfield code="a">data collection</subfield>
        </datafield>
        <datafield tag="650" ind1=" " ind2="3">
            <subfield code="a">habitat fragmentation</subfield>
        </datafield>
        <datafield tag="650" ind1=" " ind2="3">
            <subfield code="a">interspecific variation</subfield>
        </datafield>
        <datafield tag="650" ind1=" " ind2="3">
            <subfield code="a">temporal variation</subfield>
        </datafield>
        <datafield tag="650" ind1=" " ind2="3">
            <subfield code="a">tree classes</subfield>
        </datafield>
        <datafield tag="650" ind1=" " ind2="3">
            <subfield code="a">tropical forests</subfield>
        </datafield>
        <datafield tag="650" ind1=" " ind2="3">
            <subfield code="a">woody plants</subfield>
        </datafield>
        <datafield tag="651" ind1=" " ind2="3">
            <subfield code="a">Uganda</subfield>
        </datafield>
        <datafield tag="773" ind1="0" ind2=" ">
            <subfield code="t">African journal of ecology.</subfield>
            <subfield code="g">2015 Dec., v. 53, no. 4 p.502-511</subfield>
            <subfield code="d">Published for the East African Wild Life Society by Blackwell
                Scientific Publications</subfield>
            <subfield code="x">0141-6707</subfield>
            <subfield code="7">nnas</subfield>
        </datafield>
        <datafield tag="787" ind1="1" ind2=" ">
            <subfield code="o">islandora_article_repository</subfield>
        </datafield>
        <datafield tag="787" ind1="1" ind2=" ">
            <subfield code="o">product_pubag</subfield>
        </datafield>
        <datafield tag="787" ind1="1" ind2=" ">
            <subfield code="o">(Journal)jnl31087</subfield>
        </datafield>
        <datafield tag="856" ind1="4" ind2="0">
            <subfield code="u">http://dx.doi.org/10.1111/aje.12240</subfield>
            <subfield code="3">Available from publisher's site</subfield>
        </datafield>
        <datafield tag="912" ind1=" " ind2=" ">
            <subfield code="a">Article</subfield>
        </datafield>
        <datafield tag="914" ind1=" " ind2=" ">
            <subfield code="a">Journal:jnl31087</subfield>
            <subfield code="b">0141-6707</subfield>
            <subfield code="c">53</subfield>
            <subfield code="d">4</subfield>
            <subfield code="e">502</subfield>
        </datafield>
        <datafield tag="914" ind1=" " ind2=" ">
            <subfield code="f">African journal of ecology</subfield>
        </datafield>
        <datafield tag="916" ind1=" " ind2=" ">
            <subfield code="a">Batch:1245</subfield>
        </datafield>
        <datafield tag="917" ind1=" " ind2=" ">
            <subfield code="a">issued</subfield>
        </datafield>
        <datafield tag="918" ind1="2" ind2=" ">
            <subfield code="a">John Wiley &amp; Sons, Inc</subfield>
            <subfield code="e">provider</subfield>
            <subfield code="5">DNAL</subfield>
        </datafield>
        <datafield tag="935" ind1=" " ind2=" ">
            <subfield code="a">IND604789704</subfield>
            <subfield code="9">ExL</subfield>
        </datafield>
        <datafield tag="949" ind1=" " ind2=" ">
            <subfield code="a">2016-03-22</subfield>
        </datafield>
        <datafield tag="953" ind1=" " ind2=" ">
            <subfield code="a">01416707_2015_53_4.xml</subfield>
        </datafield>
        <datafield tag="962" ind1=" " ind2=" ">
            <subfield code="a">Batch:1245 reviewed on 2016-03-22T14:00:02Z</subfield>
        </datafield>
        <datafield tag="974" ind1=" " ind2=" ">
            <subfield code="a">agid:4789704</subfield>
        </datafield>
        <datafield tag="983" ind1=" " ind2=" ">
            <subfield code="a">2016-01-16</subfield>
        </datafield>
        <datafield tag="984" ind1=" " ind2=" ">
            <subfield code="a">2016-03-22</subfield>
        </datafield>
    </record>