
    <record>
        <leader>04606nab a2200601 u 4500</leader>
        <controlfield tag="001">9915804779807426</controlfield>
        <controlfield tag="005">20221122073323.0</controlfield>
        <controlfield tag="008">150421e201412 xx |||||o|||||||||||eng||</controlfield>
        <datafield tag="016" ind1="7" ind2=" ">
            <subfield code="a">IND601193535</subfield>
            <subfield code="2">DNAL</subfield>
        </datafield>
        <datafield tag="024" ind1="7" ind2=" ">
            <subfield code="a">25476419</subfield>
            <subfield code="2">pmid</subfield>
        </datafield>
        <datafield tag="024" ind1="7" ind2=" ">
            <subfield code="a">PMC4261983</subfield>
            <subfield code="2">pmcid</subfield>
        </datafield>
        <datafield tag="024" ind1="7" ind2=" ">
            <subfield code="a">10.1186/s12898-014-0026-4</subfield>
            <subfield code="2">doi</subfield>
        </datafield>
        <datafield tag="035" ind1=" " ind2=" ">
            <subfield code="a">agid:1193535-01nal_inst</subfield>
        </datafield>
        <datafield tag="040" ind1=" " ind2=" ">
            <subfield code="a">AGL</subfield>
            <subfield code="b">eng</subfield>
            <subfield code="c">AGL</subfield>
        </datafield>
        <datafield tag="100" ind1="1" ind2=" ">
            <subfield code="a">Jiménez, Juan J</subfield>
            <subfield code="e">author</subfield>
            <subfield code="u">Department of Biodiversity Conservation and Ecosystem Restoration,
                Pyrenean Institute of Ecology (IPE), Spanish National Research Council (CSIC), Jaca
                (Huesca), ES-22700, Spain, jjimenez@ipe.csic.es</subfield>
        </datafield>
        <datafield tag="245" ind1="1" ind2="0">
            <subfield code="a">Dissecting the multi-scale spatial relationship of earthworm
                assemblages with soil environmental variability</subfield>
        </datafield>
        <datafield tag="300" ind1=" " ind2=" ">
            <subfield code="a">p. 26.</subfield>
        </datafield>
        <datafield tag="506" ind1=" " ind2=" ">
            <subfield code="a">Resource is Open Access</subfield>
            <subfield code="u">http://purl.org/eprint/accessRights/OpenAccess</subfield>
            <subfield code="f">Unrestricted online access</subfield>
            <subfield code="2">star</subfield>
        </datafield>
        <datafield tag="520" ind1=" " ind2=" ">
            <subfield code="a">BACKGROUND: Studying the drivers and determinants of species,
                population and community spatial patterns is central to ecology. The observed
                structure of community assemblages is the result of deterministic abiotic
                (environmental constraints) and biotic factors (positive and negative species
                interactions), as well as stochastic colonization events (historical contingency).
                We analyzed the role of multi-scale spatial component of soil environmental
                variability in structuring earthworm assemblages in a gallery forest from the
                Colombian “Llanos”. We aimed to disentangle the spatial scales at which species
                assemblages are structured and determine whether these scales matched those
                expressed by soil environmental variables. We also tested the hypothesis of the
                “single tree effect” by exploring the spatial relationships between root-related
                variables and soil nutrient and physical variables in structuring earthworm
                assemblages. Multivariate ordination techniques and spatially explicit tools were
                used, namely cross-correlograms, Principal Coordinates of Neighbor Matrices (PCNM)
                and variation partitioning analyses. RESULTS: The relationship between the spatial
                organization of earthworm assemblages and soil environmental parameters revealed
                explicitly multi-scale responses. The soil environmental variables that explained
                nested population structures across the multi-spatial scale gradient differed for
                earthworms and assemblages at the very-fine- (&lt;10 m) to medium-scale (10–20 m).
                The root traits were correlated with areas of high soil nutrient contents at a depth
                of 0–5 cm. Information on the scales of PCNM variables was obtained using variogram
                modeling. Based on the size of the plot, the PCNM variables were arbitrarily
                allocated to medium (&gt;30 m), fine (10–20 m) and very fine scales (&lt;10 m).
                Variation partitioning analysis revealed that the soil environmental variability
                explained from less than 1% to as much as 48% of the observed earthworm spatial
                variation. CONCLUSIONS: A large proportion of the spatial variation did not depend
                on the soil environmental variability for certain species. This finding could
                indicate the influence of contagious biotic interactions, stochastic factors, or
                unmeasured relevant soil environmental variables.</subfield>
        </datafield>
        <datafield tag="592" ind1=" " ind2=" ">
            <subfield code="a">Publisher supplied data</subfield>
        </datafield>
        <datafield tag="593" ind1=" " ind2=" ">
            <subfield code="a">PubAg article</subfield>
        </datafield>
        <datafield tag="650" ind1=" " ind2="3">
            <subfield code="a">community structure</subfield>
        </datafield>
        <datafield tag="650" ind1=" " ind2="3">
            <subfield code="a">earthworms</subfield>
        </datafield>
        <datafield tag="650" ind1=" " ind2="3">
            <subfield code="a">environmental factors</subfield>
        </datafield>
        <datafield tag="650" ind1=" " ind2="3">
            <subfield code="a">forests</subfield>
        </datafield>
        <datafield tag="650" ind1=" " ind2="3">
            <subfield code="a">models</subfield>
        </datafield>
        <datafield tag="650" ind1=" " ind2="3">
            <subfield code="a">ordination techniques</subfield>
        </datafield>
        <datafield tag="650" ind1=" " ind2="3">
            <subfield code="a">soil</subfield>
        </datafield>
        <datafield tag="650" ind1=" " ind2="3">
            <subfield code="a">trees</subfield>
        </datafield>
        <datafield tag="700" ind1="1" ind2=" ">
            <subfield code="a">Decaëns, Thibaud</subfield>
            <subfield code="e">author</subfield>
        </datafield>
        <datafield tag="700" ind1="1" ind2=" ">
            <subfield code="a">Lavelle, Patrick</subfield>
            <subfield code="e">author</subfield>
        </datafield>
        <datafield tag="700" ind1="1" ind2=" ">
            <subfield code="a">Rossi, Jean-Pierre</subfield>
            <subfield code="e">author</subfield>
        </datafield>
        <datafield tag="773" ind1="0" ind2=" ">
            <subfield code="t">BMC ecology.</subfield>
            <subfield code="g">2014 Dec., v. 14, no. 1 p.26-26</subfield>
            <subfield code="d">Springer-Verlag</subfield>
            <subfield code="w">Journal:jnl4138408</subfield>
            <subfield code="x">1472-6785</subfield>
            <subfield code="7">nnas</subfield>
        </datafield>
        <datafield tag="787" ind1="1" ind2=" ">
            <subfield code="o">islandora_article_repository</subfield>
        </datafield>
        <datafield tag="787" ind1="1" ind2=" ">
            <subfield code="o">product_pubag</subfield>
        </datafield>
        <datafield tag="787" ind1="1" ind2=" ">
            <subfield code="o">(Journal)jnl4138408</subfield>
        </datafield>
        <datafield tag="856" ind1="4" ind2="0">
            <subfield code="u">http://dx.doi.org/10.1186/s12898-014-0026-4</subfield>
            <subfield code="3">Available from publisher's site</subfield>
        </datafield>
        <datafield tag="912" ind1=" " ind2=" ">
            <subfield code="a">Article</subfield>
        </datafield>
        <datafield tag="914" ind1=" " ind2=" ">
            <subfield code="a">Journal:jnl4138408</subfield>
            <subfield code="b">1472-6785</subfield>
            <subfield code="c">14</subfield>
            <subfield code="d">1</subfield>
            <subfield code="e">26</subfield>
        </datafield>
        <datafield tag="914" ind1=" " ind2=" ">
            <subfield code="f">BMC ecology</subfield>
        </datafield>
        <datafield tag="916" ind1=" " ind2=" ">
            <subfield code="a">Batch:787</subfield>
        </datafield>
        <datafield tag="917" ind1=" " ind2=" ">
            <subfield code="a">issued</subfield>
        </datafield>
        <datafield tag="918" ind1="2" ind2=" ">
            <subfield code="a">Springer</subfield>
            <subfield code="e">provider</subfield>
            <subfield code="5">DNAL</subfield>
        </datafield>
        <datafield tag="935" ind1=" " ind2=" ">
            <subfield code="a">IND601193535</subfield>
            <subfield code="9">ExL</subfield>
        </datafield>
        <datafield tag="949" ind1=" " ind2=" ">
            <subfield code="a">2015-02-13</subfield>
        </datafield>
        <datafield tag="953" ind1=" " ind2=" ">
            <subfield code="a">ftp_PUB_15-04-10_06-43-44.zip</subfield>
        </datafield>
        <datafield tag="962" ind1=" " ind2=" ">
            <subfield code="a">Journal title changed from 'BMC Ecol'</subfield>
        </datafield>
        <datafield tag="962" ind1=" " ind2=" ">
            <subfield code="a">Batch:787 annotated on 2015-01-29T20:10:48Z</subfield>
        </datafield>
        <datafield tag="962" ind1=" " ind2=" ">
            <subfield code="a">Batch:787 reviewed on 2015-02-13T04:00:03Z</subfield>
        </datafield>
        <datafield tag="962" ind1=" " ind2=" ">
            <subfield code="a">Batch:787 reviewed on 2015-02-13T11:00:07Z</subfield>
        </datafield>
        <datafield tag="974" ind1=" " ind2=" ">
            <subfield code="a">agid:1193535</subfield>
        </datafield>
        <datafield tag="983" ind1=" " ind2=" ">
            <subfield code="a">2015-04-21</subfield>
        </datafield>
        <datafield tag="984" ind1=" " ind2=" ">
            <subfield code="a">2020-09-25</subfield>
        </datafield>
    </record>