
    <record>
        <leader>04235nab a2200577 u 4500</leader>
        <controlfield tag="001">9915804816807426</controlfield>
        <controlfield tag="005">20221122200228.0</controlfield>
        <controlfield tag="008">190701e20190104xx |||||o|||||||||||eng||</controlfield>
        <datafield tag="016" ind1="7" ind2=" ">
            <subfield code="a">IND606488961</subfield>
            <subfield code="2">DNAL</subfield>
        </datafield>
        <datafield tag="024" ind1="7" ind2=" ">
            <subfield code="a">10.3390/f10010028</subfield>
            <subfield code="2">doi</subfield>
        </datafield>
        <datafield tag="035" ind1=" " ind2=" ">
            <subfield code="a">agid:6488961-01nal_inst</subfield>
        </datafield>
        <datafield tag="040" ind1=" " ind2=" ">
            <subfield code="a">AGL</subfield>
            <subfield code="b">eng</subfield>
            <subfield code="c">AGL</subfield>
        </datafield>
        <datafield tag="100" ind1="1" ind2=" ">
            <subfield code="a">Liu, Qiang </subfield>
            <subfield code="e">author</subfield>
        </datafield>
        <datafield tag="245" ind1="1" ind2="4">
            <subfield code="a">The Spatial Distribution of the Needle Area of Planted &lt;i&gt;Larix
                olgensis&lt;/i&gt; Trees</subfield>
        </datafield>
        <datafield tag="520" ind1=" " ind2=" ">
            <subfield code="a">The spatial distribution of leaf area largely governs both the
                structure and function of a tree crown. Three sample trees were selected from a
                16-year-old Larix olgensis plantation in the Maoershan Forest Farm, Heilongjiang
                Province, based on the average diameter at breast height in each plot. All needles
                from the branches in the nodal and internodal pseudowhorls within the crown were
                destructively sampled. The crown was divided into several segments in the vertical
                and horizontal directions, resulting in different sub-regions. The needle area (NA)
                in each sub-region was computed based on the needle mass per area (NMA). The
                vertical and horizontal distributions and their cumulative NA distributions were
                characterized using the Weibull distribution function and its cumulative form. A
                two-dimensional NA model was created by combining the two Weibull distribution
                functions of the vertical and horizontal distributions. The variation in the spatial
                distribution of the NA among the different crown directions is discussed, and the
                influence of competition from competitors on the spatial distribution of NA was
                analyzed. The results showed that the Weibull distribution function and its
                cumulative form performed well in describing the vertical and horizontal
                distributions and the cumulative distributions of the NA, which was generally
                concentrated upward within the crown. This phenomenon was most apparent in dense
                stands with strong competition. The center of the NA exhibited an inward shift in
                the horizontal direction within the crown but shifted outwards with an increase in
                competition. The cumulative vertical and horizontal distributions of the NA
                obviously varied with different crown directions, which was associated mainly with
                the light conditions. The two-dimensional NA patterns showed that the center of the
                NA generally shifted outward with an increase in the relative depth into the crown
                (RDINC), and that more concentrated and more skewed patterns usually occurred under
                increased competition. Different crown directions exhibited different
                two-dimensional NA patterns, but the core driver was the variable light condition
                caused by the competitors, particularly in closed stands.</subfield>
        </datafield>
        <datafield tag="592" ind1=" " ind2=" ">
            <subfield code="a">Publisher supplied data</subfield>
        </datafield>
        <datafield tag="593" ind1=" " ind2=" ">
            <subfield code="a">PubAg article</subfield>
        </datafield>
        <datafield tag="650" ind1=" " ind2="3">
            <subfield code="a">Larix gmelinii var. olgensis</subfield>
        </datafield>
        <datafield tag="650" ind1=" " ind2="3">
            <subfield code="a">Weibull statistics</subfield>
        </datafield>
        <datafield tag="650" ind1=" " ind2="3">
            <subfield code="a">branches</subfield>
        </datafield>
        <datafield tag="650" ind1=" " ind2="3">
            <subfield code="a">farms</subfield>
        </datafield>
        <datafield tag="650" ind1=" " ind2="3">
            <subfield code="a">forests</subfield>
        </datafield>
        <datafield tag="650" ind1=" " ind2="3">
            <subfield code="a">leaf area</subfield>
        </datafield>
        <datafield tag="650" ind1=" " ind2="3">
            <subfield code="a">light intensity</subfield>
        </datafield>
        <datafield tag="650" ind1=" " ind2="3">
            <subfield code="a">models</subfield>
        </datafield>
        <datafield tag="650" ind1=" " ind2="3">
            <subfield code="a">tree and stand measurements</subfield>
        </datafield>
        <datafield tag="650" ind1=" " ind2="3">
            <subfield code="a">tree crown</subfield>
        </datafield>
        <datafield tag="650" ind1=" " ind2="3">
            <subfield code="a">trees</subfield>
        </datafield>
        <datafield tag="651" ind1=" " ind2="3">
            <subfield code="a">China</subfield>
        </datafield>
        <datafield tag="700" ind1="1" ind2=" ">
            <subfield code="a">Xie, Longfei </subfield>
            <subfield code="e">author</subfield>
        </datafield>
        <datafield tag="700" ind1="1" ind2=" ">
            <subfield code="a">Li, Fengri </subfield>
            <subfield code="e">author</subfield>
            <subfield code="u">Department of Forest Management, School of Forestry, Northeast
                Forestry University, Harbin 150040, China. fengrili@nefu.edu.cn</subfield>
        </datafield>
        <datafield tag="773" ind1="0" ind2=" ">
            <subfield code="t">Forests.</subfield>
            <subfield code="g">2019 Jan. 04, v. 10, no. 1</subfield>
            <subfield code="d">Multidisciplinary Digital Publishing Institute</subfield>
            <subfield code="w">Journal:2257</subfield>
            <subfield code="x">1999-4907</subfield>
            <subfield code="7">nnas</subfield>
        </datafield>
        <datafield tag="787" ind1="1" ind2=" ">
            <subfield code="o">islandora_article_repository</subfield>
        </datafield>
        <datafield tag="787" ind1="1" ind2=" ">
            <subfield code="o">product_pubag</subfield>
        </datafield>
        <datafield tag="787" ind1="1" ind2=" ">
            <subfield code="o">(Journal)2257</subfield>
        </datafield>
        <datafield tag="856" ind1="4" ind2="0">
            <subfield code="u">http://dx.doi.org/10.3390/f10010028</subfield>
            <subfield code="3">Available from publisher's site</subfield>
        </datafield>
        <datafield tag="912" ind1=" " ind2=" ">
            <subfield code="a">Article</subfield>
        </datafield>
        <datafield tag="914" ind1=" " ind2=" ">
            <subfield code="a">Journal:2257</subfield>
            <subfield code="b">1999-4907</subfield>
            <subfield code="c">10</subfield>
            <subfield code="d">1</subfield>
        </datafield>
        <datafield tag="914" ind1=" " ind2=" ">
            <subfield code="f">Forests</subfield>
        </datafield>
        <datafield tag="916" ind1=" " ind2=" ">
            <subfield code="a">Batch:2293</subfield>
        </datafield>
        <datafield tag="917" ind1=" " ind2=" ">
            <subfield code="a">issued</subfield>
        </datafield>
        <datafield tag="918" ind1="2" ind2=" ">
            <subfield code="a">Multidisciplinary Digital Publishing Institute</subfield>
            <subfield code="e">provider</subfield>
            <subfield code="5">DNAL</subfield>
        </datafield>
        <datafield tag="935" ind1=" " ind2=" ">
            <subfield code="a">IND606488961</subfield>
            <subfield code="9">ExL</subfield>
        </datafield>
        <datafield tag="949" ind1=" " ind2=" ">
            <subfield code="a">2019-09-04</subfield>
        </datafield>
        <datafield tag="953" ind1=" " ind2=" ">
            <subfield code="a"
                >/data/metadata/incoming/mdpinstitute/forests-v10-i01-20190124.xml</subfield>
        </datafield>
        <datafield tag="954" ind1=" " ind2=" ">
            <subfield code="a"
                >file:/data/metadata/staging/mdpinstitute/forests-v10-i01-20190124.xml</subfield>
        </datafield>
        <datafield tag="955" ind1=" " ind2=" ">
            <subfield code="a">/data/metadata/staging/mdpinstitute/</subfield>
        </datafield>
        <datafield tag="962" ind1=" " ind2=" ">
            <subfield code="a">Batch:2293 reviewed on 2019-09-04T14:00:03Z</subfield>
        </datafield>
        <datafield tag="974" ind1=" " ind2=" ">
            <subfield code="a">agid:6488961</subfield>
        </datafield>
        <datafield tag="983" ind1=" " ind2=" ">
            <subfield code="a">2019-07-01</subfield>
        </datafield>
        <datafield tag="984" ind1=" " ind2=" ">
            <subfield code="a">2019-09-04</subfield>
        </datafield>
    </record>