
    <record>
        <leader>03471nab a2200601 u 4500</leader>
        <controlfield tag="001">9915804817807426</controlfield>
        <controlfield tag="005">20221122200126.0</controlfield>
        <controlfield tag="008">220826e20220722xx |||||o|||||||||||eng||</controlfield>
        <datafield tag="016" ind1="7" ind2=" ">
            <subfield code="a">IND607909384</subfield>
            <subfield code="2">DNAL</subfield>
        </datafield>
        <datafield tag="024" ind1="7" ind2=" ">
            <subfield code="a">10.3390/f13081160</subfield>
            <subfield code="2">doi</subfield>
        </datafield>
        <datafield tag="035" ind1=" " ind2=" ">
            <subfield code="a">agid:7909384-01nal_inst</subfield>
        </datafield>
        <datafield tag="040" ind1=" " ind2=" ">
            <subfield code="a">AGL</subfield>
            <subfield code="b">eng</subfield>
            <subfield code="c">AGL</subfield>
        </datafield>
        <datafield tag="100" ind1="1" ind2=" ">
            <subfield code="a">Riley, Karin L.</subfield>
            <subfield code="e">author</subfield>
            <subfield code="u">Fire Sciences Laboratory, Rocky Mountain Research Station, U.S.
                Forest Service, Missoula, MT 59808, USA</subfield>
        </datafield>
        <datafield tag="245" ind1="1" ind2="2">
            <subfield code="a">A National Map of Snag Hazard to Reduce Risk to Wildland Fire
                Responders</subfield>
        </datafield>
        <datafield tag="520" ind1=" " ind2=" ">
            <subfield code="a">Falling trees and tree fragments are one of the top five causes of
                fatalities for wildland fire responders. In six out of ten recent years, at least
                one fatality from a tree strike has occurred while a fire responder was on duty, and
                others were injured. We used TreeMap, a national map of forest characteristics,
                including individual tree height, diameter, and status (live or dead), to generate a
                map of snag hazard for forested areas of the continental U.S. at 30 × 30 m
                resolution. Snag hazard was classified into categories of low, moderate, high, or
                extreme based on snag density and height. Within-class accuracy was as high at 86%,
                suggesting that the Snag Hazard map can help wildland fire managers identify and
                avoid exposing fire responders to hazardous conditions. Accuracy was higher outside
                recently disturbed areas (88%) than inside (79%), perhaps reflecting strong spatial
                patterns and heterogeneity of mortality within disturbed areas. The Snag Hazard map
                is a frequently requested product from the Forest Service’sRisk Management
                Assistance Group. The goal of RMA is to provide analytics to decision makers and
                fire leadership to facilitate risk-informed decision-making to improve safety,
                effectiveness, and outcomes. We present a case study showing how the Snag Hazard
                2016 map was used to inform fire responders during an active wildfire incident in
                California during the 2020 fire season.</subfield>
        </datafield>
        <datafield tag="592" ind1=" " ind2=" ">
            <subfield code="a">Publisher supplied data</subfield>
        </datafield>
        <datafield tag="593" ind1=" " ind2=" ">
            <subfield code="a">PubAg article</subfield>
        </datafield>
        <datafield tag="650" ind1=" " ind2="3">
            <subfield code="a">case studies</subfield>
        </datafield>
        <datafield tag="650" ind1=" " ind2="3">
            <subfield code="a">death</subfield>
        </datafield>
        <datafield tag="650" ind1=" " ind2="3">
            <subfield code="a">decision making</subfield>
        </datafield>
        <datafield tag="650" ind1=" " ind2="3">
            <subfield code="a">fire season</subfield>
        </datafield>
        <datafield tag="650" ind1=" " ind2="3">
            <subfield code="a">forests</subfield>
        </datafield>
        <datafield tag="650" ind1=" " ind2="3">
            <subfield code="a">leadership</subfield>
        </datafield>
        <datafield tag="650" ind1=" " ind2="3">
            <subfield code="a">mortality</subfield>
        </datafield>
        <datafield tag="650" ind1=" " ind2="3">
            <subfield code="a">risk reduction</subfield>
        </datafield>
        <datafield tag="650" ind1=" " ind2="3">
            <subfield code="a">tree height</subfield>
        </datafield>
        <datafield tag="650" ind1=" " ind2="3">
            <subfield code="a">trees</subfield>
        </datafield>
        <datafield tag="650" ind1=" " ind2="3">
            <subfield code="a">wildfires</subfield>
        </datafield>
        <datafield tag="651" ind1=" " ind2="3">
            <subfield code="a">California</subfield>
        </datafield>
        <datafield tag="700" ind1="1" ind2=" ">
            <subfield code="a">O’Connor, Christopher D.</subfield>
            <subfield code="e">author</subfield>
        </datafield>
        <datafield tag="700" ind1="1" ind2=" ">
            <subfield code="a">Dunn, Christopher J.</subfield>
            <subfield code="e">author</subfield>
        </datafield>
        <datafield tag="700" ind1="1" ind2=" ">
            <subfield code="a">Haas, Jessica R.</subfield>
            <subfield code="e">author</subfield>
        </datafield>
        <datafield tag="700" ind1="1" ind2=" ">
            <subfield code="a">Stratton, Richard D.</subfield>
            <subfield code="e">author</subfield>
        </datafield>
        <datafield tag="700" ind1="1" ind2=" ">
            <subfield code="a">Gannon, Benjamin </subfield>
            <subfield code="e">author</subfield>
        </datafield>
        <datafield tag="773" ind1="0" ind2=" ">
            <subfield code="t">Forests.</subfield>
            <subfield code="g">2022 July 22, v. 13, no. 8</subfield>
            <subfield code="d">Multidisciplinary Digital Publishing Institute</subfield>
            <subfield code="w">Journal:2257</subfield>
            <subfield code="x">1999-4907</subfield>
            <subfield code="7">nnas</subfield>
        </datafield>
        <datafield tag="787" ind1="1" ind2=" ">
            <subfield code="o">islandora_article_repository</subfield>
        </datafield>
        <datafield tag="787" ind1="1" ind2=" ">
            <subfield code="o">product_pubag</subfield>
        </datafield>
        <datafield tag="787" ind1="1" ind2=" ">
            <subfield code="o">(Journal)2257</subfield>
        </datafield>
        <datafield tag="856" ind1="4" ind2="0">
            <subfield code="u">https://dx.doi.org/10.3390/f13081160</subfield>
            <subfield code="3">Available from publisher's site</subfield>
        </datafield>
        <datafield tag="912" ind1=" " ind2=" ">
            <subfield code="a">Article</subfield>
        </datafield>
        <datafield tag="914" ind1=" " ind2=" ">
            <subfield code="a">Journal:2257</subfield>
            <subfield code="b">1999-4907</subfield>
            <subfield code="c">13</subfield>
            <subfield code="d">8</subfield>
        </datafield>
        <datafield tag="914" ind1=" " ind2=" ">
            <subfield code="f">Forests</subfield>
        </datafield>
        <datafield tag="917" ind1=" " ind2=" ">
            <subfield code="a">issued</subfield>
        </datafield>
        <datafield tag="918" ind1="2" ind2=" ">
            <subfield code="a">Multidisciplinary Digital Publishing Institute</subfield>
            <subfield code="e">provider</subfield>
            <subfield code="5">DNAL</subfield>
        </datafield>
        <datafield tag="935" ind1=" " ind2=" ">
            <subfield code="a">IND607909384</subfield>
            <subfield code="9">ExL</subfield>
        </datafield>
        <datafield tag="949" ind1=" " ind2=" ">
            <subfield code="a">2022-08-26</subfield>
        </datafield>
        <datafield tag="952" ind1=" " ind2=" ">
            <subfield code="d">NAL-AP-2-clean</subfield>
        </datafield>
        <datafield tag="953" ind1=" " ind2=" ">
            <subfield code="a">/data/metadata/incoming/mdpinstitute/forests-13-08.xml</subfield>
        </datafield>
        <datafield tag="954" ind1=" " ind2=" ">
            <subfield code="a">file:/data/metadata/staging/mdpinstitute/forests-13-08.xml</subfield>
        </datafield>
        <datafield tag="955" ind1=" " ind2=" ">
            <subfield code="a">/data/metadata/staging/mdpinstitute/</subfield>
        </datafield>
        <datafield tag="974" ind1=" " ind2=" ">
            <subfield code="a">agid:7909384</subfield>
        </datafield>
        <datafield tag="983" ind1=" " ind2=" ">
            <subfield code="a">2022-08-26</subfield>
        </datafield>
        <datafield tag="984" ind1=" " ind2=" ">
            <subfield code="a">2022-08-26</subfield>
        </datafield>
    </record>