
    <record>
        <leader>04336nab a2200661 u 4500</leader>
        <controlfield tag="001">9915804840807426</controlfield>
        <controlfield tag="005">20140724000000.0</controlfield>
        <controlfield tag="008">080502e200806 xx |||||o|||||||||||eng||</controlfield>
        <datafield tag="016" ind1="7" ind2=" ">
            <subfield code="a">IND44051494</subfield>
            <subfield code="2">DNAL</subfield>
        </datafield>
        <datafield tag="024" ind1="7" ind2=" ">
            <subfield code="a">10.1111/j.1365-2664.2007.01412.x</subfield>
            <subfield code="2">doi</subfield>
        </datafield>
        <datafield tag="035" ind1=" " ind2=" ">
            <subfield code="a">agid:728329-01nal_inst</subfield>
        </datafield>
        <datafield tag="040" ind1=" " ind2=" ">
            <subfield code="a">AGL</subfield>
            <subfield code="b">eng</subfield>
            <subfield code="c">AGL</subfield>
        </datafield>
        <datafield tag="072" ind1=" " ind2="0">
            <subfield code="a">L300</subfield>
        </datafield>
        <datafield tag="072" ind1=" " ind2="0">
            <subfield code="a">L001</subfield>
        </datafield>
        <datafield tag="072" ind1=" " ind2="0">
            <subfield code="a">K001</subfield>
        </datafield>
        <datafield tag="072" ind1=" " ind2="0">
            <subfield code="a">F600</subfield>
        </datafield>
        <datafield tag="100" ind1="1" ind2=" ">
            <subfield code="a">Brosi, Berry J.</subfield>
        </datafield>
        <datafield tag="245" ind1="1" ind2="4">
            <subfield code="a">The effects of forest fragmentation on bee communities in tropical
                countryside</subfield>
        </datafield>
        <datafield tag="300" ind1=" " ind2=" ">
            <subfield code="a">p. 773-783.</subfield>
        </datafield>
        <datafield tag="500" ind1=" " ind2=" ">
            <subfield code="a">In the special section: Pollination and Pollinators.</subfield>
        </datafield>
        <datafield tag="500" ind1=" " ind2=" ">
            <subfield code="a">Includes references</subfield>
        </datafield>
        <datafield tag="520" ind1=" " ind2=" ">
            <subfield code="a">1. Despite ongoing concerns and controversy over a putative 'global
                pollination crisis' there is little information on the response of bees, the most
                important group of pollinators, to land-use change. In particular, there are no
                published studies of the effects of tropical forest fragmentation on entire bee
                communities. 2. We examined bee community responses to forest fragment size, shape,
                isolation and landscape context (forest variables) by sampling foraging bees at
                ground level using aerial netting within, and in pastures adjacent to, 22 forest
                fragments ranging in area from c. 0·25 ha to 230 ha, in southern Costa Rica. We
                sampled each site 13 times in total, in both wet and dry seasons. 3. Although there
                were no effects of forest variables on bee diversity and abundance, we did find
                strong changes in bee community composition. In particular, tree-nesting meliponines
                (social stingless bees) were associated with larger fragments, smaller edge:area
                ratios and greater proportions of forest surrounding sample points, while introduced
                Apis showed opposite patterns. 4. Community composition was also strikingly
                different between forests and pastures, despite their spatial proximity. In forests,
                even in the smallest patches, meliponines comprised a much larger proportion of the
                apifauna, and orchid bees (euglossines) were common. In pastures, Apis was much more
                abundant and no euglossine bees were found. 5. These results agree broadly with
                other studies that have found contrasting responses to habitat fragmentation from
                different bee groups. Conserving meliponine bees, important for pollination of
                coffee and other crops, and euglossine bees, critical in long-distance pollen
                transport, will require forest. 6. Synthesis and applications. In the first study of
                the effects of tropical forest fragmentation on entire understorey bee assemblages,
                we found bee community resilience to land-use change, as deforested sites and small
                forest fragments can have a diverse component of bees. While bees as a whole show
                some degree of resilience to land-use change, there are taxon-specific responses
                and, in our study area, there is clear value to conserving native forest,
                particularly for the ecologically and economically important meliponine and
                euglossine bees.</subfield>
        </datafield>
        <datafield tag="593" ind1=" " ind2=" ">
            <subfield code="a">PubAg article</subfield>
        </datafield>
        <datafield tag="650" ind1=" " ind2="3">
            <subfield code="a">tropical forests</subfield>
        </datafield>
        <datafield tag="650" ind1=" " ind2="3">
            <subfield code="a">habitat fragmentation</subfield>
        </datafield>
        <datafield tag="650" ind1=" " ind2="3">
            <subfield code="a">understory</subfield>
        </datafield>
        <datafield tag="650" ind1=" " ind2="3">
            <subfield code="a">Apoidea</subfield>
        </datafield>
        <datafield tag="650" ind1=" " ind2="3">
            <subfield code="a">community structure</subfield>
        </datafield>
        <datafield tag="650" ind1=" " ind2="3">
            <subfield code="a">foraging</subfield>
        </datafield>
        <datafield tag="650" ind1=" " ind2="3">
            <subfield code="a">agroecosystems</subfield>
        </datafield>
        <datafield tag="650" ind1=" " ind2="3">
            <subfield code="a">species diversity</subfield>
        </datafield>
        <datafield tag="650" ind1=" " ind2="3">
            <subfield code="a">population size</subfield>
        </datafield>
        <datafield tag="650" ind1=" " ind2="3">
            <subfield code="a">pollination</subfield>
        </datafield>
        <datafield tag="650" ind1=" " ind2="3">
            <subfield code="a">landscape ecology</subfield>
        </datafield>
        <datafield tag="651" ind1=" " ind2="3">
            <subfield code="a">Costa Rica</subfield>
        </datafield>
        <datafield tag="700" ind1="1" ind2=" ">
            <subfield code="a">Daily, Gretchen C.</subfield>
        </datafield>
        <datafield tag="700" ind1="1" ind2=" ">
            <subfield code="a">Shih, Tiffany M.</subfield>
        </datafield>
        <datafield tag="700" ind1="1" ind2=" ">
            <subfield code="a">Oviedo, Federico</subfield>
        </datafield>
        <datafield tag="700" ind1="1" ind2=" ">
            <subfield code="a">Durán, Guillermo</subfield>
        </datafield>
        <datafield tag="773" ind1="0" ind2=" ">
            <subfield code="t">Journal of applied ecology.</subfield>
            <subfield code="g">2008 June, v. 45, no. 3 p.773-783</subfield>
            <subfield code="d">Blackwell Publishing Ltd</subfield>
            <subfield code="x">0021-8901</subfield>
            <subfield code="7">nnas</subfield>
        </datafield>
        <datafield tag="787" ind1="1" ind2=" ">
            <subfield code="o">islandora_article_repository</subfield>
        </datafield>
        <datafield tag="787" ind1="1" ind2=" ">
            <subfield code="o">product_pubag</subfield>
        </datafield>
        <datafield tag="787" ind1="1" ind2=" ">
            <subfield code="o">(Journal)jnl57298</subfield>
        </datafield>
        <datafield tag="852" ind1=" " ind2=" ">
            <subfield code="a">DNAL</subfield>
        </datafield>
        <datafield tag="856" ind1="4" ind2="0">
            <subfield code="u">http://dx.doi.org/10.1111/j.1365-2664.2007.01412.x</subfield>
            <subfield code="3">Available from publisher's Web site</subfield>
        </datafield>
        <datafield tag="912" ind1=" " ind2=" ">
            <subfield code="a">Article</subfield>
        </datafield>
        <datafield tag="914" ind1=" " ind2=" ">
            <subfield code="a">Journal:jnl57298</subfield>
            <subfield code="b">0021-8901</subfield>
            <subfield code="c">45</subfield>
            <subfield code="d">3</subfield>
            <subfield code="e">773</subfield>
        </datafield>
        <datafield tag="914" ind1=" " ind2=" ">
            <subfield code="f">Journal of applied ecology</subfield>
        </datafield>
        <datafield tag="917" ind1=" " ind2=" ">
            <subfield code="a">issued</subfield>
        </datafield>
        <datafield tag="930" ind1=" " ind2=" ">
            <subfield code="a">20090415</subfield>
            <subfield code="b">20090508</subfield>
            <subfield code="c">00000000</subfield>
        </datafield>
        <datafield tag="935" ind1=" " ind2=" ">
            <subfield code="a">IND44051494</subfield>
            <subfield code="9">ExL</subfield>
        </datafield>
        <datafield tag="945" ind1=" " ind2=" ">
            <subfield code="a">IND</subfield>
            <subfield code="d">GAY</subfield>
            <subfield code="e">2009/04/15</subfield>
        </datafield>
        <datafield tag="946" ind1=" " ind2=" ">
            <subfield code="a">Non-US</subfield>
        </datafield>
        <datafield tag="949" ind1=" " ind2=" ">
            <subfield code="a">2014-07-17</subfield>
        </datafield>
        <datafield tag="952" ind1=" " ind2=" ">
            <subfield code="a">20090415 20090508 00000000</subfield>
            <subfield code="b">IND GAY 2009/04/15</subfield>
        </datafield>
        <datafield tag="974" ind1=" " ind2=" ">
            <subfield code="a">agid:728329</subfield>
        </datafield>
        <datafield tag="984" ind1=" " ind2=" ">
            <subfield code="a">2014-07-24</subfield>
        </datafield>
        <datafield tag="985" ind1=" " ind2=" ">
            <subfield code="a">Converted from MARCXML to MODS version 3.4 using
                MARC21slim2MODS3-4.xsl (Revision 1.95 2014/04/23)</subfield>
        </datafield>
        <datafield tag="986" ind1=" " ind2=" ">
            <subfield code="a">4051494</subfield>
        </datafield>
    </record>