
    <record>
        <leader>03643nab a2200637 u 4500</leader>
        <controlfield tag="001">9915804854607426</controlfield>
        <controlfield tag="005">20221122054841.0</controlfield>
        <controlfield tag="008">190325e201904 xx |||||o|||||||||||eng||</controlfield>
        <datafield tag="016" ind1="7" ind2=" ">
            <subfield code="a">IND606283908</subfield>
            <subfield code="2">DNAL</subfield>
        </datafield>
        <datafield tag="024" ind1="7" ind2=" ">
            <subfield code="a">10.1016/j.tree.2019.01.004</subfield>
            <subfield code="2">doi</subfield>
        </datafield>
        <datafield tag="035" ind1=" " ind2=" ">
            <subfield code="a">agid:6283908-01nal_inst</subfield>
        </datafield>
        <datafield tag="040" ind1=" " ind2=" ">
            <subfield code="a">AGL</subfield>
            <subfield code="b">eng</subfield>
            <subfield code="c">AGL</subfield>
        </datafield>
        <datafield tag="100" ind1="1" ind2=" ">
            <subfield code="a">Gaynor, Kaitlyn M.</subfield>
            <subfield code="e">author</subfield>
            <subfield code="u">Department of Environmental Science, Policy, and Management,
                University of California Berkeley, 130 Mulford Hall #3114, Berkeley, CA 94720,
                USA</subfield>
            <subfield code="1">https://orcid.org/0000-0002-5747-0543</subfield>
        </datafield>
        <datafield tag="245" ind1="1" ind2="0">
            <subfield code="a">Landscapes of Fear: Spatial Patterns of Risk Perception and
                Response</subfield>
        </datafield>
        <datafield tag="300" ind1=" " ind2=" ">
            <subfield code="a">p. 355-368.</subfield>
        </datafield>
        <datafield tag="520" ind1=" " ind2=" ">
            <subfield code="a">Animals experience varying levels of predation risk as they navigate
                heterogeneous landscapes, and behavioral responses to perceived risk can structure
                ecosystems. The concept of the landscape of fear has recently become central to
                describing this spatial variation in risk, perception, and response. We present a
                framework linking the landscape of fear, defined as spatial variation in prey
                perception of risk, to the underlying physical landscape and predation risk, and to
                resulting patterns of prey distribution and antipredator behavior. By disambiguating
                the mechanisms through which prey perceive risk and incorporate fear into decision
                making, we can better quantify the nonlinear relationship between risk and response
                and evaluate the relative importance of the landscape of fear across taxa and
                ecosystems.</subfield>
        </datafield>
        <datafield tag="592" ind1=" " ind2=" ">
            <subfield code="a">Publisher supplied data</subfield>
        </datafield>
        <datafield tag="593" ind1=" " ind2=" ">
            <subfield code="a">PubAg article</subfield>
        </datafield>
        <datafield tag="650" ind1=" " ind2="3">
            <subfield code="a">animals</subfield>
        </datafield>
        <datafield tag="650" ind1=" " ind2="3">
            <subfield code="a">antipredatory behavior</subfield>
        </datafield>
        <datafield tag="650" ind1=" " ind2="3">
            <subfield code="a">decision making</subfield>
        </datafield>
        <datafield tag="650" ind1=" " ind2="3">
            <subfield code="a">ecosystems</subfield>
        </datafield>
        <datafield tag="650" ind1=" " ind2="3">
            <subfield code="a">fearfulness</subfield>
        </datafield>
        <datafield tag="650" ind1=" " ind2="3">
            <subfield code="a">landscapes</subfield>
        </datafield>
        <datafield tag="650" ind1=" " ind2="3">
            <subfield code="a">predation</subfield>
        </datafield>
        <datafield tag="650" ind1=" " ind2="3">
            <subfield code="a">risk perception</subfield>
        </datafield>
        <datafield tag="653" ind1=" " ind2="0">
            <subfield code="a">landscape of fear</subfield>
        </datafield>
        <datafield tag="653" ind1=" " ind2="0">
            <subfield code="a">nonlethal effects</subfield>
        </datafield>
        <datafield tag="653" ind1=" " ind2="0">
            <subfield code="a">predator–prey</subfield>
        </datafield>
        <datafield tag="653" ind1=" " ind2="0">
            <subfield code="a">predation risk</subfield>
        </datafield>
        <datafield tag="653" ind1=" " ind2="0">
            <subfield code="a">risk effects</subfield>
        </datafield>
        <datafield tag="653" ind1=" " ind2="0">
            <subfield code="a">antipredator behavior</subfield>
        </datafield>
        <datafield tag="700" ind1="1" ind2=" ">
            <subfield code="a">Brown, Joel S.</subfield>
            <subfield code="e">author</subfield>
            <subfield code="u">Department of Biological Sciences, University of Illinois at Chicago,
                845 West Taylor Street (MC 066), Chicago, IL 60607, USA</subfield>
        </datafield>
        <datafield tag="700" ind1="1" ind2=" ">
            <subfield code="a">Middleton, Arthur D.</subfield>
            <subfield code="e">author</subfield>
            <subfield code="u">Department of Environmental Science, Policy, and Management,
                University of California Berkeley, 130 Mulford Hall #3114, Berkeley, CA 94720,
                USA</subfield>
        </datafield>
        <datafield tag="700" ind1="1" ind2=" ">
            <subfield code="a">Power, Mary E.</subfield>
            <subfield code="e">author</subfield>
            <subfield code="u">Department of Integrative Biology, University of California Berkeley,
                3060 Valley Life Sciences Building #3140, Berkeley, CA 94720, USA</subfield>
        </datafield>
        <datafield tag="700" ind1="1" ind2=" ">
            <subfield code="a">Brashares, Justin S.</subfield>
            <subfield code="e">author</subfield>
            <subfield code="u">Department of Environmental Science, Policy, and Management,
                University of California Berkeley, 130 Mulford Hall #3114, Berkeley, CA 94720,
                USA</subfield>
        </datafield>
        <datafield tag="773" ind1="0" ind2=" ">
            <subfield code="t">Trends in ecology &amp; evolution.</subfield>
            <subfield code="g">2019 Apr., v. 34, no. 4 p.355-368</subfield>
            <subfield code="d">Elsevier Ltd</subfield>
            <subfield code="w">Journal:1990</subfield>
            <subfield code="x">0169-5347</subfield>
            <subfield code="7">nnas</subfield>
        </datafield>
        <datafield tag="787" ind1="1" ind2=" ">
            <subfield code="o">islandora_article_repository</subfield>
        </datafield>
        <datafield tag="787" ind1="1" ind2=" ">
            <subfield code="o">product_pubag</subfield>
        </datafield>
        <datafield tag="787" ind1="1" ind2=" ">
            <subfield code="o">(Journal)1990</subfield>
        </datafield>
        <datafield tag="856" ind1="4" ind2="0">
            <subfield code="u">https://dx.doi.org/10.1016/j.tree.2019.01.004</subfield>
            <subfield code="3">Available from publisher's site</subfield>
        </datafield>
        <datafield tag="912" ind1=" " ind2=" ">
            <subfield code="a">Article</subfield>
        </datafield>
        <datafield tag="914" ind1=" " ind2=" ">
            <subfield code="a">Journal:1990</subfield>
            <subfield code="b">0169-5347</subfield>
        </datafield>
        <datafield tag="914" ind1=" " ind2=" ">
            <subfield code="f">Trends in ecology &amp; evolution</subfield>
        </datafield>
        <datafield tag="916" ind1=" " ind2=" ">
            <subfield code="a">Batch:2159</subfield>
        </datafield>
        <datafield tag="917" ind1=" " ind2=" ">
            <subfield code="a">issued</subfield>
        </datafield>
        <datafield tag="918" ind1="2" ind2=" ">
            <subfield code="a">Elsevier Consyn</subfield>
            <subfield code="e">provider</subfield>
            <subfield code="5">DNAL</subfield>
        </datafield>
        <datafield tag="935" ind1=" " ind2=" ">
            <subfield code="a">IND606283908</subfield>
            <subfield code="9">ExL</subfield>
        </datafield>
        <datafield tag="949" ind1=" " ind2=" ">
            <subfield code="a">2019-04-03</subfield>
        </datafield>
        <datafield tag="953" ind1=" " ind2=" ">
            <subfield code="a">/data/metadata/incoming/consyn/35608-00002-HEAD-ONLY-NEW CONSYN
                ISSNS.zip</subfield>
        </datafield>
        <datafield tag="954" ind1=" " ind2=" ">
            <subfield code="a">file:/data/metadata/staging/consyn/S0169534719300199.xml</subfield>
        </datafield>
        <datafield tag="955" ind1=" " ind2=" ">
            <subfield code="a">/data/metadata/staging/consyn/</subfield>
        </datafield>
        <datafield tag="962" ind1=" " ind2=" ">
            <subfield code="a">Batch:2159 reviewed on 2019-04-03T16:00:04Z</subfield>
        </datafield>
        <datafield tag="974" ind1=" " ind2=" ">
            <subfield code="a">agid:6283908</subfield>
        </datafield>
        <datafield tag="983" ind1=" " ind2=" ">
            <subfield code="a">2019-03-25</subfield>
        </datafield>
        <datafield tag="984" ind1=" " ind2=" ">
            <subfield code="a">2019-04-03</subfield>
        </datafield>
    </record>