
    <record>
        <leader>03916nab a2200529 u 4500</leader>
        <controlfield tag="001">9915805605907426</controlfield>
        <controlfield tag="005">20221122063648.0</controlfield>
        <controlfield tag="008">190701e20181119xx |||||o|||||||||||eng||</controlfield>
        <datafield tag="016" ind1="7" ind2=" ">
            <subfield code="a">IND606488874</subfield>
            <subfield code="2">DNAL</subfield>
        </datafield>
        <datafield tag="024" ind1="7" ind2=" ">
            <subfield code="a">10.3390/f9110720</subfield>
            <subfield code="2">doi</subfield>
        </datafield>
        <datafield tag="035" ind1=" " ind2=" ">
            <subfield code="a">agid:6488874-01nal_inst</subfield>
        </datafield>
        <datafield tag="040" ind1=" " ind2=" ">
            <subfield code="a">AGL</subfield>
            <subfield code="b">eng</subfield>
            <subfield code="c">AGL</subfield>
        </datafield>
        <datafield tag="100" ind1="1" ind2=" ">
            <subfield code="a">Zhang, Tian</subfield>
            <subfield code="e">author</subfield>
        </datafield>
        <datafield tag="245" ind1="1" ind2="0">
            <subfield code="a">Effect of Thinning on the Spatial Structure of a &lt;i&gt;Larix
                gmelinii&lt;/i&gt; Rupr. Secondary Forest in the Greater Khingan
                Mountains</subfield>
        </datafield>
        <datafield tag="520" ind1=" " ind2=" ">
            <subfield code="a">Thinning is an important way to adjust and optimize the spatial
                structure of forests. The study of its impacts support a better understanding of the
                succession process of secondary forests after interference. To study the changes in
                forest spatial structure under different thinning intensities and stand densities,
                we considered five thinning intensities including unthinned (0%), low (3.4%, 6.2%,
                12.5%), medium (16.8%, 20.9%, 25.5%), high (34.4%, 40.0%, 47.9%), and extra-high
                (50.6%, 59.9%, 67.3%) intensity. In addition, three different stand densities for
                each degree of thinning intensity. The results showed that the most horizontal
                distribution patterns after thinning were uniform distribution and near-uniform
                random distribution. Most of the trees were not mixed while several were mixed to an
                above medium degree. The effect on dominance of thinning was not significant and the
                overall plots were in the middle level. The tree density was in the sparse status.
                Competitive pressure on the reference tree was reduced. Thinning intensity and stand
                density affected stand spatial structure to different degrees. There were no obvious
                pattern under different thinning intensities and it was optimal at approximately
                1600 trees/ha. As thinning intensity increased, the impact tended to decrease first
                and then increase under certain stand density. The improvement was greatest when
                thinning intensity was low. By analyzing the stand&amp;rsquo;s spatial structure
                after thinning, the unreasonableness of the stand&amp;rsquo;s spatial structure can
                be found, which provides the basis for optimizing management measures. We used the
                AHP-entropy to weigh the importance of each spatial structure parameter and we
                proposed a comprehensive distance evaluation index based on the optimal value
                obtained in order to perform a comprehensive evaluation of a forest&amp;rsquo;s
                spatial structure.</subfield>
        </datafield>
        <datafield tag="592" ind1=" " ind2=" ">
            <subfield code="a">Publisher supplied data</subfield>
        </datafield>
        <datafield tag="593" ind1=" " ind2=" ">
            <subfield code="a">PubAg article</subfield>
        </datafield>
        <datafield tag="650" ind1=" " ind2="3">
            <subfield code="a">Larix gmelinii</subfield>
        </datafield>
        <datafield tag="650" ind1=" " ind2="3">
            <subfield code="a">mountains</subfield>
        </datafield>
        <datafield tag="650" ind1=" " ind2="3">
            <subfield code="a">secondary forests</subfield>
        </datafield>
        <datafield tag="650" ind1=" " ind2="3">
            <subfield code="a">stand density</subfield>
        </datafield>
        <datafield tag="650" ind1=" " ind2="3">
            <subfield code="a">trees</subfield>
        </datafield>
        <datafield tag="700" ind1="1" ind2=" ">
            <subfield code="a">Dong, Xibin</subfield>
            <subfield code="e">author</subfield>
            <subfield code="u">Key Laboratory of Sustainable Forest Management and Environmental
                Microorganism Engineering of Heilongjiang Province, Northeast Forestry University,
                Harbin 150040, China. xibindong@nefu.edu.cn</subfield>
        </datafield>
        <datafield tag="700" ind1="1" ind2=" ">
            <subfield code="a">Guan, Huiwen</subfield>
            <subfield code="e">author</subfield>
        </datafield>
        <datafield tag="700" ind1="1" ind2=" ">
            <subfield code="a">Meng, Yuan</subfield>
            <subfield code="e">author</subfield>
        </datafield>
        <datafield tag="700" ind1="1" ind2=" ">
            <subfield code="a">Ruan, Jiafu</subfield>
            <subfield code="e">author</subfield>
        </datafield>
        <datafield tag="700" ind1="1" ind2=" ">
            <subfield code="a">Wang, Zhiyong</subfield>
            <subfield code="e">author</subfield>
        </datafield>
        <datafield tag="773" ind1="0" ind2=" ">
            <subfield code="t">Forests.</subfield>
            <subfield code="g">2018 Nov. 19, v. 9, no. 11</subfield>
            <subfield code="d">Multidisciplinary Digital Publishing Institute</subfield>
            <subfield code="w">Journal:2257</subfield>
            <subfield code="x">1999-4907</subfield>
            <subfield code="7">nnas</subfield>
        </datafield>
        <datafield tag="787" ind1="1" ind2=" ">
            <subfield code="o">islandora_article_repository</subfield>
        </datafield>
        <datafield tag="787" ind1="1" ind2=" ">
            <subfield code="o">product_pubag</subfield>
        </datafield>
        <datafield tag="787" ind1="1" ind2=" ">
            <subfield code="o">(Journal)2257</subfield>
        </datafield>
        <datafield tag="856" ind1="4" ind2="0">
            <subfield code="u">http://dx.doi.org/10.3390/f9110720</subfield>
            <subfield code="3">Available from publisher's site</subfield>
        </datafield>
        <datafield tag="912" ind1=" " ind2=" ">
            <subfield code="a">Article</subfield>
        </datafield>
        <datafield tag="914" ind1=" " ind2=" ">
            <subfield code="a">Journal:2257</subfield>
            <subfield code="b">1999-4907</subfield>
            <subfield code="c">9</subfield>
            <subfield code="d">11</subfield>
        </datafield>
        <datafield tag="914" ind1=" " ind2=" ">
            <subfield code="f">Forests</subfield>
        </datafield>
        <datafield tag="916" ind1=" " ind2=" ">
            <subfield code="a">Batch:2293</subfield>
        </datafield>
        <datafield tag="917" ind1=" " ind2=" ">
            <subfield code="a">issued</subfield>
        </datafield>
        <datafield tag="918" ind1="2" ind2=" ">
            <subfield code="a">Multidisciplinary Digital Publishing Institute</subfield>
            <subfield code="e">provider</subfield>
            <subfield code="5">DNAL</subfield>
        </datafield>
        <datafield tag="935" ind1=" " ind2=" ">
            <subfield code="a">IND606488874</subfield>
            <subfield code="9">ExL</subfield>
        </datafield>
        <datafield tag="949" ind1=" " ind2=" ">
            <subfield code="a">2019-09-04</subfield>
        </datafield>
        <datafield tag="953" ind1=" " ind2=" ">
            <subfield code="a"
                >/data/metadata/incoming/mdpinstitute/forests-v09-i11-20181122.xml</subfield>
        </datafield>
        <datafield tag="954" ind1=" " ind2=" ">
            <subfield code="a"
                >file:/data/metadata/staging/mdpinstitute/forests-v09-i11-20181122.xml</subfield>
        </datafield>
        <datafield tag="955" ind1=" " ind2=" ">
            <subfield code="a">/data/metadata/staging/mdpinstitute/</subfield>
        </datafield>
        <datafield tag="962" ind1=" " ind2=" ">
            <subfield code="a">Batch:2293 reviewed on 2019-09-04T14:00:03Z</subfield>
        </datafield>
        <datafield tag="974" ind1=" " ind2=" ">
            <subfield code="a">agid:6488874</subfield>
        </datafield>
        <datafield tag="983" ind1=" " ind2=" ">
            <subfield code="a">2019-07-01</subfield>
        </datafield>
        <datafield tag="984" ind1=" " ind2=" ">
            <subfield code="a">2019-09-04</subfield>
        </datafield>
    </record>