
    <record>
        <leader>04243nab a2200709 u 4500</leader>
        <controlfield tag="001">9915805608407426</controlfield>
        <controlfield tag="005">20221122063636.0</controlfield>
        <controlfield tag="008">190701e20181118xx |||||o|||||||||||eng||</controlfield>
        <datafield tag="016" ind1="7" ind2=" ">
            <subfield code="a">IND606488868</subfield>
            <subfield code="2">DNAL</subfield>
        </datafield>
        <datafield tag="024" ind1="7" ind2=" ">
            <subfield code="a">10.3390/f9110715</subfield>
            <subfield code="2">doi</subfield>
        </datafield>
        <datafield tag="035" ind1=" " ind2=" ">
            <subfield code="a">agid:6488868-01nal_inst</subfield>
        </datafield>
        <datafield tag="040" ind1=" " ind2=" ">
            <subfield code="a">AGL</subfield>
            <subfield code="b">eng</subfield>
            <subfield code="c">AGL</subfield>
        </datafield>
        <datafield tag="100" ind1="1" ind2=" ">
            <subfield code="a">Cartwright, Jennifer</subfield>
            <subfield code="e">author</subfield>
            <subfield code="u">U.S. Geological Survey, Lower Mississippi-Gulf Water Science Center,
                640 Grassmere Park, Suite 100, Nashville, TN 37211, USA. jmcart@usgs.gov</subfield>
        </datafield>
        <datafield tag="245" ind1="1" ind2="0">
            <subfield code="a">Landscape Topoedaphic Features Create Refugia from Drought and Insect
                Disturbance in a Lodgepole and Whitebark Pine Forest</subfield>
        </datafield>
        <datafield tag="520" ind1=" " ind2=" ">
            <subfield code="a">Droughts and insect outbreaks are primary disturbance processes
                linking climate change to tree mortality in western North America. Refugia from
                these disturbances&amp;mdash;locations where impacts are less severe relative to the
                surrounding landscape&amp;mdash;may be priorities for conservation, restoration, and
                monitoring. In this study, hypotheses concerning physical and biological processes
                supporting refugia were investigated by modelling the landscape controls on
                disturbance refugia that were identified using remotely sensed vegetation
                indicators. Refugia were identified at 30-m resolution using anomalies of
                Landsat-derived Normalized Difference Moisture Index in lodgepole and whitebark pine
                forests in southern Oregon, USA, in 2001 (a single-year drought with no insect
                outbreak) and 2009 (during a multi-year drought and severe outbreak of mountain pine
                beetle). Landscape controls on refugia (topographic, soil, and forest
                characteristics) were modeled using boosted regression trees. Landscape
                characteristics better explained and predicted refugia locations in 2009, when
                forest impacts were greater, than in 2001. Refugia in lodgepole and whitebark pine
                forests were generally associated with topographically shaded slopes, convergent
                environments such as valleys, areas of relatively low soil bulk density, and in
                thinner forest stands. In whitebark pine forest, refugia were associated with
                riparian areas along headwater streams. Spatial patterns in evapotranspiration,
                snowmelt dynamics, soil water storage, and drought-tolerance and insect-resistance
                abilities may help create refugia from drought and mountain pine beetle.
                Identification of the landscape characteristics supporting refugia can help forest
                managers target conservation resources in an era of climate-change exacerbation of
                droughts and insect outbreaks.</subfield>
        </datafield>
        <datafield tag="592" ind1=" " ind2=" ">
            <subfield code="a">Publisher supplied data</subfield>
        </datafield>
        <datafield tag="593" ind1=" " ind2=" ">
            <subfield code="a">PubAg article</subfield>
        </datafield>
        <datafield tag="650" ind1=" " ind2="3">
            <subfield code="a">Dendroctonus ponderosae</subfield>
        </datafield>
        <datafield tag="650" ind1=" " ind2="3">
            <subfield code="a">Pinus albicaulis</subfield>
        </datafield>
        <datafield tag="650" ind1=" " ind2="3">
            <subfield code="a">climate change</subfield>
        </datafield>
        <datafield tag="650" ind1=" " ind2="3">
            <subfield code="a">coniferous forests</subfield>
        </datafield>
        <datafield tag="650" ind1=" " ind2="3">
            <subfield code="a">drought</subfield>
        </datafield>
        <datafield tag="650" ind1=" " ind2="3">
            <subfield code="a">drought tolerance</subfield>
        </datafield>
        <datafield tag="650" ind1=" " ind2="3">
            <subfield code="a">evapotranspiration</subfield>
        </datafield>
        <datafield tag="650" ind1=" " ind2="3">
            <subfield code="a">forest stands</subfield>
        </datafield>
        <datafield tag="650" ind1=" " ind2="3">
            <subfield code="a">insect outbreaks</subfield>
        </datafield>
        <datafield tag="650" ind1=" " ind2="3">
            <subfield code="a">insect resistance</subfield>
        </datafield>
        <datafield tag="650" ind1=" " ind2="3">
            <subfield code="a">insects</subfield>
        </datafield>
        <datafield tag="650" ind1=" " ind2="3">
            <subfield code="a">landscapes</subfield>
        </datafield>
        <datafield tag="650" ind1=" " ind2="3">
            <subfield code="a">models</subfield>
        </datafield>
        <datafield tag="650" ind1=" " ind2="3">
            <subfield code="a">monitoring</subfield>
        </datafield>
        <datafield tag="650" ind1=" " ind2="3">
            <subfield code="a">refuge habitats</subfield>
        </datafield>
        <datafield tag="650" ind1=" " ind2="3">
            <subfield code="a">remote sensing</subfield>
        </datafield>
        <datafield tag="650" ind1=" " ind2="3">
            <subfield code="a">riparian areas</subfield>
        </datafield>
        <datafield tag="650" ind1=" " ind2="3">
            <subfield code="a">snowmelt</subfield>
        </datafield>
        <datafield tag="650" ind1=" " ind2="3">
            <subfield code="a">soil density</subfield>
        </datafield>
        <datafield tag="650" ind1=" " ind2="3">
            <subfield code="a">soil water storage</subfield>
        </datafield>
        <datafield tag="650" ind1=" " ind2="3">
            <subfield code="a">streams</subfield>
        </datafield>
        <datafield tag="650" ind1=" " ind2="3">
            <subfield code="a">topography</subfield>
        </datafield>
        <datafield tag="650" ind1=" " ind2="3">
            <subfield code="a">tree mortality</subfield>
        </datafield>
        <datafield tag="650" ind1=" " ind2="3">
            <subfield code="a">valleys</subfield>
        </datafield>
        <datafield tag="651" ind1=" " ind2="3">
            <subfield code="a">Oregon</subfield>
        </datafield>
        <datafield tag="773" ind1="0" ind2=" ">
            <subfield code="t">Forests.</subfield>
            <subfield code="g">2018 Nov. 18, v. 9, no. 11</subfield>
            <subfield code="d">Multidisciplinary Digital Publishing Institute</subfield>
            <subfield code="w">Journal:2257</subfield>
            <subfield code="x">1999-4907</subfield>
            <subfield code="7">nnas</subfield>
        </datafield>
        <datafield tag="787" ind1="1" ind2=" ">
            <subfield code="o">islandora_article_repository</subfield>
        </datafield>
        <datafield tag="787" ind1="1" ind2=" ">
            <subfield code="o">product_pubag</subfield>
        </datafield>
        <datafield tag="787" ind1="1" ind2=" ">
            <subfield code="o">(Journal)2257</subfield>
        </datafield>
        <datafield tag="856" ind1="4" ind2="0">
            <subfield code="u">http://dx.doi.org/10.3390/f9110715</subfield>
            <subfield code="3">Available from publisher's site</subfield>
        </datafield>
        <datafield tag="912" ind1=" " ind2=" ">
            <subfield code="a">Article</subfield>
        </datafield>
        <datafield tag="914" ind1=" " ind2=" ">
            <subfield code="a">Journal:2257</subfield>
            <subfield code="b">1999-4907</subfield>
            <subfield code="c">9</subfield>
            <subfield code="d">11</subfield>
        </datafield>
        <datafield tag="914" ind1=" " ind2=" ">
            <subfield code="f">Forests</subfield>
        </datafield>
        <datafield tag="916" ind1=" " ind2=" ">
            <subfield code="a">Batch:2278</subfield>
        </datafield>
        <datafield tag="917" ind1=" " ind2=" ">
            <subfield code="a">issued</subfield>
        </datafield>
        <datafield tag="918" ind1="2" ind2=" ">
            <subfield code="a">Multidisciplinary Digital Publishing Institute</subfield>
            <subfield code="e">provider</subfield>
            <subfield code="5">DNAL</subfield>
        </datafield>
        <datafield tag="935" ind1=" " ind2=" ">
            <subfield code="a">IND606488868</subfield>
            <subfield code="9">ExL</subfield>
        </datafield>
        <datafield tag="949" ind1=" " ind2=" ">
            <subfield code="a">2019-08-12</subfield>
        </datafield>
        <datafield tag="953" ind1=" " ind2=" ">
            <subfield code="a"
                >/data/metadata/incoming/mdpinstitute/forests-v09-i11-20181122.xml</subfield>
        </datafield>
        <datafield tag="954" ind1=" " ind2=" ">
            <subfield code="a"
                >file:/data/metadata/staging/mdpinstitute/forests-v09-i11-20181122.xml</subfield>
        </datafield>
        <datafield tag="955" ind1=" " ind2=" ">
            <subfield code="a">/data/metadata/staging/mdpinstitute/</subfield>
        </datafield>
        <datafield tag="962" ind1=" " ind2=" ">
            <subfield code="a">Batch:2278 reviewed on 2019-08-12T12:00:04Z</subfield>
        </datafield>
        <datafield tag="974" ind1=" " ind2=" ">
            <subfield code="a">agid:6488868</subfield>
        </datafield>
        <datafield tag="983" ind1=" " ind2=" ">
            <subfield code="a">2019-07-01</subfield>
        </datafield>
        <datafield tag="984" ind1=" " ind2=" ">
            <subfield code="a">2019-08-12</subfield>
        </datafield>
    </record>