
    <record>
        <leader>07113nab a2201009 u 4500</leader>
        <controlfield tag="001">9915807065107426</controlfield>
        <controlfield tag="005">20221122234454.0</controlfield>
        <controlfield tag="008">220503e202109 xx |||||o|||||||||||eng||</controlfield>
        <datafield tag="016" ind1="7" ind2=" ">
            <subfield code="a">IND607762545</subfield>
            <subfield code="2">DNAL</subfield>
        </datafield>
        <datafield tag="024" ind1="7" ind2=" ">
            <subfield code="a">365458</subfield>
            <subfield code="2">aris</subfield>
        </datafield>
        <datafield tag="024" ind1="7" ind2=" ">
            <subfield code="a">10113/7762545</subfield>
            <subfield code="2">hdl</subfield>
        </datafield>
        <datafield tag="024" ind1="7" ind2=" ">
            <subfield code="a">10.1029/2020WR028876</subfield>
            <subfield code="2">doi</subfield>
        </datafield>
        <datafield tag="024" ind1="7" ind2=" ">
            <subfield code="a">365458</subfield>
            <subfield code="2">seq_no_115</subfield>
        </datafield>
        <datafield tag="024" ind1="7" ind2=" ">
            <subfield code="a">8042-13610-029-000D</subfield>
            <subfield code="2">aris_project_no</subfield>
        </datafield>
        <datafield tag="024" ind1="7" ind2=" ">
            <subfield code="a">432081</subfield>
            <subfield code="2">aris_accn_no</subfield>
        </datafield>
        <datafield tag="035" ind1=" " ind2=" ">
            <subfield code="a">agid:7762545-01nal_inst</subfield>
        </datafield>
        <datafield tag="040" ind1=" " ind2=" ">
            <subfield code="a">AGL</subfield>
            <subfield code="b">eng</subfield>
            <subfield code="c">AGL</subfield>
        </datafield>
        <datafield tag="100" ind1="1" ind2=" ">
            <subfield code="a">Wong, A. J.</subfield>
            <subfield code="e">author</subfield>
            <subfield code="u">Department of Land, Air and Water Resources, University of
                California, Davis, CA, USA</subfield>
            <subfield code="1">https://orcid.org/0000-0001-7632-443X</subfield>
        </datafield>
        <datafield tag="245" ind1="1" ind2="0">
            <subfield code="a">Multiscale Assessment of Agricultural Consumptive Water Use in
                California's Central Valley</subfield>
        </datafield>
        <datafield tag="500" ind1=" " ind2=" ">
            <subfield code="a">JOURNAL ARTICLE</subfield>
        </datafield>
        <datafield tag="520" ind1=" " ind2=" ">
            <subfield code="a">Spatial estimates of crop evapotranspiration with high accuracy from
                the field to watershed scale have become increasingly important for water
                management, particularly over irrigated agriculture in semiarid regions. Here, we
                provide a comprehensive assessment on patterns of annual agricultural water use over
                California's Central Valley, using 30‐m daily evapotranspiration estimates based on
                Landsat satellite data. A semiempirical Priestley‐Taylor approach was locally
                optimized and cross‐validated with available field measurements for major crops
                including alfalfa, almond, citrus, corn, pasture, and rice. The evapotranspiration
                estimates explained &gt;70% variance in daily measurements from independent sites
                with an RMSE of 0.88 mm day⁻¹. When aggregated over the Valley, we estimated an
                average evapotranspiration of 820 ± 290 mm yr⁻¹ in 2014. Agricultural water use
                varied significantly across and within crop types, with a coefficient of variation
                ranging from 8% for Rice (1,110 ± 85 mm yr⁻¹) to 59% for Pistachio
                (592 ± 352 mm yr⁻¹). Total water uses in 2016 increased by 9.6%, as compared to
                2014, mostly because of land‐use conversion from fallow/idle land to cropland.
                Analysis across 134 Groundwater Sustainability Agencies (GSAs) further showed a
                large variation of agricultural evapotranspiration among and within GSAs, especially
                for tree crops, e.g., almond evapotranspiration ranging from 339 ± 80 mm yr⁻¹ in
                Tracy to 1,240 ± 136 mm yr⁻¹ in Tri‐County Water Authority. Continuous monitoring
                and assessment of the dynamics and spatial heterogeneity of agricultural
                evapotranspiration provide data‐driven guidance for more effective land use and
                water planning across scales.</subfield>
        </datafield>
        <datafield tag="592" ind1=" " ind2=" ">
            <subfield code="a">Publisher supplied data</subfield>
        </datafield>
        <datafield tag="593" ind1=" " ind2=" ">
            <subfield code="a">PubAg article</subfield>
        </datafield>
        <datafield tag="596" ind1=" " ind2=" ">
            <subfield code="c">California State Water Resources Control Board</subfield>
        </datafield>
        <datafield tag="596" ind1=" " ind2=" ">
            <subfield code="c">National Aeronautics and Space Administration, Jet Propulsion
                Laboratory (JPL) AmericaView</subfield>
        </datafield>
        <datafield tag="596" ind1=" " ind2=" ">
            <subfield code="c">AmericaView</subfield>
        </datafield>
        <datafield tag="596" ind1=" " ind2=" ">
            <subfield code="c">California's Space Grant</subfield>
        </datafield>
        <datafield tag="596" ind1=" " ind2=" ">
            <subfield code="a">CA‐D‐LAW‐2296‐H</subfield>
            <subfield code="c">Agricultural Experiment Station project</subfield>
        </datafield>
        <datafield tag="650" ind1=" " ind2="3">
            <subfield code="a">Citrus</subfield>
        </datafield>
        <datafield tag="650" ind1=" " ind2="3">
            <subfield code="a">Landsat</subfield>
        </datafield>
        <datafield tag="650" ind1=" " ind2="3">
            <subfield code="a">alfalfa</subfield>
        </datafield>
        <datafield tag="650" ind1=" " ind2="3">
            <subfield code="a">almonds</subfield>
        </datafield>
        <datafield tag="650" ind1=" " ind2="3">
            <subfield code="a">corn</subfield>
        </datafield>
        <datafield tag="650" ind1=" " ind2="3">
            <subfield code="a">cropland</subfield>
        </datafield>
        <datafield tag="650" ind1=" " ind2="3">
            <subfield code="a">evapotranspiration</subfield>
        </datafield>
        <datafield tag="650" ind1=" " ind2="3">
            <subfield code="a">fallow</subfield>
        </datafield>
        <datafield tag="650" ind1=" " ind2="3">
            <subfield code="a">groundwater</subfield>
        </datafield>
        <datafield tag="650" ind1=" " ind2="3">
            <subfield code="a">irrigated farming</subfield>
        </datafield>
        <datafield tag="650" ind1=" " ind2="3">
            <subfield code="a">land use change</subfield>
        </datafield>
        <datafield tag="650" ind1=" " ind2="3">
            <subfield code="a">pastures</subfield>
        </datafield>
        <datafield tag="650" ind1=" " ind2="3">
            <subfield code="a">pistachios</subfield>
        </datafield>
        <datafield tag="650" ind1=" " ind2="3">
            <subfield code="a">remote sensing</subfield>
        </datafield>
        <datafield tag="650" ind1=" " ind2="3">
            <subfield code="a">research</subfield>
        </datafield>
        <datafield tag="650" ind1=" " ind2="3">
            <subfield code="a">rice</subfield>
        </datafield>
        <datafield tag="650" ind1=" " ind2="3">
            <subfield code="a">spatial variation</subfield>
        </datafield>
        <datafield tag="650" ind1=" " ind2="3">
            <subfield code="a">variance</subfield>
        </datafield>
        <datafield tag="650" ind1=" " ind2="3">
            <subfield code="a">water management</subfield>
        </datafield>
        <datafield tag="650" ind1=" " ind2="3">
            <subfield code="a">watersheds</subfield>
        </datafield>
        <datafield tag="651" ind1=" " ind2="3">
            <subfield code="a">California</subfield>
        </datafield>
        <datafield tag="700" ind1="1" ind2=" ">
            <subfield code="a">Gao, Feng Nmn</subfield>
            <subfield code="e">author</subfield>
            <subfield code="1">https://orcid.org/0000-0002-1865-2846</subfield>
        </datafield>
        <datafield tag="700" ind1="1" ind2=" ">
            <subfield code="a">Jin, Y.</subfield>
            <subfield code="e">author</subfield>
            <subfield code="u">Department of Land, Air and Water Resources, University of
                California, Davis, CA, USA</subfield>
            <subfield code="1">https://orcid.org/0000-0002-9049-9807</subfield>
        </datafield>
        <datafield tag="700" ind1="1" ind2=" ">
            <subfield code="a">Medellín‐Azuara, J.</subfield>
            <subfield code="e">author</subfield>
            <subfield code="u">Department of Civil and Environmental Engineering, University of
                California, Merced, CA, USA</subfield>
            <subfield code="1">https://orcid.org/0000-0003-1379-2257</subfield>
        </datafield>
        <datafield tag="700" ind1="1" ind2=" ">
            <subfield code="a">Paw U, K. T.</subfield>
            <subfield code="e">author</subfield>
            <subfield code="u">Department of Land, Air and Water Resources, University of
                California, Davis, CA, USA</subfield>
            <subfield code="1">https://orcid.org/0000-0002-4284-5373</subfield>
        </datafield>
        <datafield tag="700" ind1="1" ind2=" ">
            <subfield code="a">Kent, E. R.</subfield>
            <subfield code="e">author</subfield>
            <subfield code="u">Department of Land, Air and Water Resources, University of
                California, Davis, CA, USA</subfield>
            <subfield code="1">https://orcid.org/0000-0001-8858-5610</subfield>
        </datafield>
        <datafield tag="700" ind1="1" ind2=" ">
            <subfield code="a">Clay, J. M.</subfield>
            <subfield code="e">author</subfield>
            <subfield code="u">Department of Land, Air and Water Resources, University of
                California, Davis, CA, USA</subfield>
            <subfield code="1">https://orcid.org/0000-0002-3652-053X</subfield>
        </datafield>
        <datafield tag="700" ind1="1" ind2=" ">
            <subfield code="a">Gao, F.</subfield>
            <subfield code="e">author</subfield>
            <subfield code="u">USDA, Agricultural Research Service, Hydrology and Remote Sensing
                Laboratory, Beltsville, MD, USA</subfield>
            <subfield code="1">https://orcid.org/0000-0002-1865-2846</subfield>
        </datafield>
        <datafield tag="700" ind1="1" ind2=" ">
            <subfield code="a">Fisher, J. B.</subfield>
            <subfield code="e">author</subfield>
            <subfield code="u">Jet Propulsion Laboratory, California Institute of Technology,
                Pasadena, CA, USA</subfield>
            <subfield code="1">https://orcid.org/0000-0003-4734-9085</subfield>
        </datafield>
        <datafield tag="700" ind1="1" ind2=" ">
            <subfield code="a">Rivera, G.</subfield>
            <subfield code="e">author</subfield>
            <subfield code="u">Jet Propulsion Laboratory, California Institute of Technology,
                Pasadena, CA, USA</subfield>
            <subfield code="1">https://orcid.org/0000-0003-1801-3996</subfield>
        </datafield>
        <datafield tag="700" ind1="1" ind2=" ">
            <subfield code="a">Lee, C. M.</subfield>
            <subfield code="e">author</subfield>
            <subfield code="u">Jet Propulsion Laboratory, California Institute of Technology,
                Pasadena, CA, USA</subfield>
            <subfield code="1">https://orcid.org/0000-0003-1615-236X</subfield>
        </datafield>
        <datafield tag="700" ind1="1" ind2=" ">
            <subfield code="a">Hemes, K. S.</subfield>
            <subfield code="e">author</subfield>
            <subfield code="u">Stanford Woods Institute for the Environment, Stanford University,
                Stanford, CA, USA</subfield>
            <subfield code="1">https://orcid.org/0000-0001-5090-1083</subfield>
        </datafield>
        <datafield tag="700" ind1="1" ind2=" ">
            <subfield code="a">Eichelmann, E.</subfield>
            <subfield code="e">author</subfield>
            <subfield code="u">School of Biology and Environmental Science, University College
                Dublin, Dublin, Ireland</subfield>
            <subfield code="1">https://orcid.org/0000-0001-9516-7951</subfield>
        </datafield>
        <datafield tag="700" ind1="1" ind2=" ">
            <subfield code="a">Baldocchi, D. D.</subfield>
            <subfield code="e">author</subfield>
            <subfield code="u">Department of Environmental Sciences, Policy, &amp; Management,
                University of California, Berkeley, CA, USA</subfield>
            <subfield code="1">https://orcid.org/0000-0003-3496-4919</subfield>
        </datafield>
        <datafield tag="700" ind1="1" ind2=" ">
            <subfield code="a">Hook, S. J.</subfield>
            <subfield code="e">author</subfield>
            <subfield code="u">Jet Propulsion Laboratory, California Institute of Technology,
                Pasadena, CA, USA</subfield>
            <subfield code="1">https://orcid.org/0000-0002-0953-6165</subfield>
        </datafield>
        <datafield tag="773" ind1="0" ind2=" ">
            <subfield code="t">Water resources research.</subfield>
            <subfield code="g">2021 Sept., v. 57, no. 9 p.e2020WR028876-</subfield>
            <subfield code="d">John Wiley &amp; Sons, Ltd</subfield>
            <subfield code="w">Journal:jnl46306</subfield>
            <subfield code="x">0043-1397</subfield>
            <subfield code="7">nnas</subfield>
        </datafield>
        <datafield tag="787" ind1="1" ind2=" ">
            <subfield code="o">islandora_article_repository</subfield>
        </datafield>
        <datafield tag="787" ind1="1" ind2=" ">
            <subfield code="o">product_pubag</subfield>
        </datafield>
        <datafield tag="787" ind1="1" ind2=" ">
            <subfield code="o">(Journal)jnl46306</subfield>
        </datafield>
        <datafield tag="856" ind1="4" ind2="0">
            <subfield code="u">https://handle.nal.usda.gov/10113/7762545</subfield>
            <subfield code="3">Available in the National Agricultural Library PubAg search
                system</subfield>
        </datafield>
        <datafield tag="856" ind1="4" ind2="0">
            <subfield code="u">https://dx.doi.org/10.1029/2020WR028876</subfield>
            <subfield code="3">Available from publisher's site</subfield>
        </datafield>
        <datafield tag="912" ind1=" " ind2=" ">
            <subfield code="a">Article</subfield>
        </datafield>
        <datafield tag="914" ind1=" " ind2=" ">
            <subfield code="a">Journal:jnl46306</subfield>
            <subfield code="b">0043-1397</subfield>
            <subfield code="c">57</subfield>
            <subfield code="d">9</subfield>
            <subfield code="e">e2020WR028876</subfield>
        </datafield>
        <datafield tag="914" ind1=" " ind2=" ">
            <subfield code="f">Water resources research</subfield>
        </datafield>
        <datafield tag="917" ind1=" " ind2=" ">
            <subfield code="a">issued</subfield>
        </datafield>
        <datafield tag="918" ind1="2" ind2=" ">
            <subfield code="a">John Wiley &amp; Sons, Inc</subfield>
            <subfield code="e">provider</subfield>
            <subfield code="5">DNAL</subfield>
        </datafield>
        <datafield tag="935" ind1=" " ind2=" ">
            <subfield code="a">IND607762545</subfield>
            <subfield code="9">ExL</subfield>
        </datafield>
        <datafield tag="949" ind1=" " ind2=" ">
            <subfield code="a">2022-05-05</subfield>
        </datafield>
        <datafield tag="952" ind1=" " ind2=" ">
            <subfield code="d">NAL-AP-2-clean</subfield>
        </datafield>
        <datafield tag="953" ind1=" " ind2=" ">
            <subfield code="a">/data/metadata/incoming/wiley/00431397_2021_57_9.xml</subfield>
        </datafield>
        <datafield tag="954" ind1=" " ind2=" ">
            <subfield code="a">file:/data/metadata/staging/wiley/00431397_2021_57_9.xml</subfield>
        </datafield>
        <datafield tag="955" ind1=" " ind2=" ">
            <subfield code="a">/data/metadata/staging/wiley/</subfield>
        </datafield>
        <datafield tag="961" ind1=" " ind2=" ">
            <subfield code="a">USDA/ARS</subfield>
        </datafield>
        <datafield tag="962" ind1=" " ind2=" ">
            <subfield code="a">ARIS manuscript submission</subfield>
        </datafield>
        <datafield tag="962" ind1=" " ind2=" ">
            <subfield code="a">ARIS Manuscript</subfield>
        </datafield>
        <datafield tag="974" ind1=" " ind2=" ">
            <subfield code="a">agid:7762545</subfield>
        </datafield>
        <datafield tag="979" ind1=" " ind2=" ">
            <subfield code="a">Check names for duplicates</subfield>
        </datafield>
        <datafield tag="983" ind1=" " ind2=" ">
            <subfield code="a">2022-05-03</subfield>
        </datafield>
        <datafield tag="984" ind1=" " ind2=" ">
            <subfield code="a">2022-05-04</subfield>
        </datafield>
    </record>