
    <record>
        <leader>03815nab a2200565 u 4500</leader>
        <controlfield tag="001">9915807214307426</controlfield>
        <controlfield tag="005">20221120133218.0</controlfield>
        <controlfield tag="008">110614e201107 xx |||||o|||||||||||eng||</controlfield>
        <datafield tag="016" ind1="7" ind2=" ">
            <subfield code="a">IND44589825</subfield>
            <subfield code="2">DNAL</subfield>
        </datafield>
        <datafield tag="024" ind1="7" ind2=" ">
            <subfield code="a">10.1111/j.1365-2745.2011.01818.x</subfield>
            <subfield code="2">doi</subfield>
        </datafield>
        <datafield tag="035" ind1=" " ind2=" ">
            <subfield code="a">agid:475621-01nal_inst</subfield>
        </datafield>
        <datafield tag="040" ind1=" " ind2=" ">
            <subfield code="a">AGL</subfield>
            <subfield code="b">eng</subfield>
            <subfield code="c">AGL</subfield>
        </datafield>
        <datafield tag="100" ind1="1" ind2=" ">
            <subfield code="a">Muñoz, Alberto</subfield>
        </datafield>
        <datafield tag="245" ind1="1" ind2="0">
            <subfield code="a">Linking seed dispersal to cache protection strategies</subfield>
        </datafield>
        <datafield tag="300" ind1=" " ind2=" ">
            <subfield code="a">p. 1016-1025.</subfield>
        </datafield>
        <datafield tag="500" ind1=" " ind2=" ">
            <subfield code="a">Includes references</subfield>
        </datafield>
        <datafield tag="500" ind1=" " ind2=" ">
            <subfield code="a">2019-12-06</subfield>
        </datafield>
        <datafield tag="520" ind1=" " ind2=" ">
            <subfield code="a">1. The spatial distribution of dispersed seeds results from the
                combined action of the caching strategies followed by different granivores. Hence,
                it is essential to study the factors that influence seed predation and caching
                decisions to achieve a better understanding of the dispersal process. 2. In this
                study, we document how seed dispersal and the spatial patterns of natural
                recruitment are linked to the strategies used by granivores to protect their cached
                seeds from pilferage. We present a theoretical model showing that those strategies
                may convey benefits for both seed cachers and plants. 3. We studied the
                relationships among seed production, seed predation/caching, cache pilferage and
                plant recruitment in a savanna-like landscape of oaks dispersed by scatter-hoarding
                rodents. 4. Our results show that acorn-dispersing rodents were concentrated under
                the canopies of scattered oaks, where the theft of cached acorns increased by 77% as
                compared to that of the surrounding open landscape. Acorns were thus cached
                selectively in the open areas to reduce pilferage; in fact, none of the few seeds
                cached beneath tree canopies survived predation by granivores (pilferage +
                recovery). Meanwhile, some acorns cached in the surrounding open areas were neither
                pilfered nor recovered and then recruited successfully. Accordingly, natural
                recruitment of newly emerged seedlings was higher outside than under canopies,
                suggesting that rodent caching strategies have direct implications for the directed
                dispersal of oaks. 5. Synthesis. The spatial patterns of seed dispersal shape the
                fitness of both the plant because they influence dispersal and recruitment
                efficiency, and the granivores that cache and predate its seeds because they
                influence their foraging efficiency. Cache protection strategies reduce pilferage
                significantly and enhance seed recovery rates by the cache owner. At the same time,
                more seeds remain dispersed and unrecovered. Thus, cache protection strategies can
                provide net benefits to the plant in terms of effective directed
                dispersal.</subfield>
        </datafield>
        <datafield tag="593" ind1=" " ind2=" ">
            <subfield code="a">PubAg article</subfield>
        </datafield>
        <datafield tag="650" ind1=" " ind2="3">
            <subfield code="a">fruits</subfield>
        </datafield>
        <datafield tag="650" ind1=" " ind2="3">
            <subfield code="a">Quercus</subfield>
        </datafield>
        <datafield tag="650" ind1=" " ind2="3">
            <subfield code="a">seeds</subfield>
        </datafield>
        <datafield tag="650" ind1=" " ind2="3">
            <subfield code="a">seed predation</subfield>
        </datafield>
        <datafield tag="650" ind1=" " ind2="3">
            <subfield code="a">seedlings</subfield>
        </datafield>
        <datafield tag="650" ind1=" " ind2="3">
            <subfield code="a">trees</subfield>
        </datafield>
        <datafield tag="650" ind1=" " ind2="3">
            <subfield code="a">rodents</subfield>
        </datafield>
        <datafield tag="650" ind1=" " ind2="3">
            <subfield code="a">foraging</subfield>
        </datafield>
        <datafield tag="650" ind1=" " ind2="3">
            <subfield code="a">seed dispersal</subfield>
        </datafield>
        <datafield tag="653" ind1=" " ind2="0">
            <subfield code="a">recruitment</subfield>
        </datafield>
        <datafield tag="700" ind1="1" ind2=" ">
            <subfield code="a">Bonal, Raúl</subfield>
        </datafield>
        <datafield tag="773" ind1="0" ind2=" ">
            <subfield code="t">journal of ecology.</subfield>
            <subfield code="g">2011 July, v. 99, no. 4 p.1016-1025</subfield>
            <subfield code="d">Blackwell Publishing Ltd</subfield>
            <subfield code="x">0022-0477</subfield>
            <subfield code="7">nnas</subfield>
        </datafield>
        <datafield tag="787" ind1="1" ind2=" ">
            <subfield code="o">islandora_article_repository</subfield>
        </datafield>
        <datafield tag="787" ind1="1" ind2=" ">
            <subfield code="o">product_pubag</subfield>
        </datafield>
        <datafield tag="787" ind1="1" ind2=" ">
            <subfield code="o">(Journal)jnl44660</subfield>
        </datafield>
        <datafield tag="852" ind1=" " ind2=" ">
            <subfield code="a">DNAL</subfield>
        </datafield>
        <datafield tag="856" ind1="4" ind2="0">
            <subfield code="u">http://dx.doi.org/10.1111/j.1365-2745.2011.01818.x</subfield>
        </datafield>
        <datafield tag="912" ind1=" " ind2=" ">
            <subfield code="a">Article</subfield>
        </datafield>
        <datafield tag="914" ind1=" " ind2=" ">
            <subfield code="a">Journal:jnl44660</subfield>
            <subfield code="b">0022-0477</subfield>
            <subfield code="c">99</subfield>
            <subfield code="d">4</subfield>
            <subfield code="e">1016</subfield>
        </datafield>
        <datafield tag="914" ind1=" " ind2=" ">
            <subfield code="f">journal of ecology</subfield>
        </datafield>
        <datafield tag="917" ind1=" " ind2=" ">
            <subfield code="a">issued</subfield>
        </datafield>
        <datafield tag="935" ind1=" " ind2=" ">
            <subfield code="a">IND44589825</subfield>
            <subfield code="9">ExL</subfield>
        </datafield>
        <datafield tag="949" ind1=" " ind2=" ">
            <subfield code="a">2014-02-03</subfield>
        </datafield>
        <datafield tag="962" ind1=" " ind2=" ">
            <subfield code="a">Journal ISSN is 1365-2745</subfield>
        </datafield>
        <datafield tag="962" ind1=" " ind2=" ">
            <subfield code="a">Batch:424 annotated on 2014-01-27T12:09:54Z</subfield>
        </datafield>
        <datafield tag="962" ind1=" " ind2=" ">
            <subfield code="a">Batch:424 reviewed on 2014-01-31T16:00:02Z</subfield>
        </datafield>
        <datafield tag="962" ind1=" " ind2=" ">
            <subfield code="a">Batch:424 reviewed on 2014-02-03T11:00:03Z</subfield>
        </datafield>
        <datafield tag="974" ind1=" " ind2=" ">
            <subfield code="a">agid:475621</subfield>
        </datafield>
        <datafield tag="984" ind1=" " ind2=" ">
            <subfield code="a">2011-06-14</subfield>
        </datafield>
        <datafield tag="985" ind1=" " ind2=" ">
            <subfield code="a">Converted from MARCXML to MODS version 3.4 using
                MARC21slim2MODS3-4.xsl (Revision 1.77 2012/03/23)</subfield>
        </datafield>
        <datafield tag="986" ind1=" " ind2=" ">
            <subfield code="a">4589825</subfield>
        </datafield>
    </record>