
    <record>
        <leader>04866nab a2200733 u 4500</leader>
        <controlfield tag="001">9915808268807426</controlfield>
        <controlfield tag="005">20221122101533.0</controlfield>
        <controlfield tag="008">070213e200703 xx |||||o|||||||||||eng||</controlfield>
        <datafield tag="016" ind1="7" ind2=" ">
            <subfield code="a">IND43878491</subfield>
            <subfield code="2">DNAL</subfield>
        </datafield>
        <datafield tag="024" ind1="7" ind2=" ">
            <subfield code="a">10.1111/j.1365-2699.2006.01614.x</subfield>
            <subfield code="2">doi</subfield>
        </datafield>
        <datafield tag="035" ind1=" " ind2=" ">
            <subfield code="a">agid:3002081-01nal_inst</subfield>
        </datafield>
        <datafield tag="040" ind1=" " ind2=" ">
            <subfield code="a">AGL</subfield>
            <subfield code="b">eng</subfield>
            <subfield code="c">AGL</subfield>
        </datafield>
        <datafield tag="100" ind1="1" ind2=" ">
            <subfield code="a">Wang, Yi-Chen</subfield>
        </datafield>
        <datafield tag="245" ind1="1" ind2="0">
            <subfield code="a">Spatial patterns and vegetation-site relationships of the
                presettlement forests in western New York, USA</subfield>
        </datafield>
        <datafield tag="300" ind1=" " ind2=" ">
            <subfield code="a">p. 500-513.</subfield>
        </datafield>
        <datafield tag="520" ind1=" " ind2=" ">
            <subfield code="a">The purposes of this study were to develop a Geographic Information
                System and spatial analytical methodology to reconstruct and represent the
                presettlement vegetation in a spatially continuous manner over large areas and to
                investigate vegetation-site relationships before widespread changes of the
                vegetation had taken place. The study area was the Holland Land Company Purchase in
                western New York, a 14,400 km² area extending across the physiographic provinces of
                the Erie-Ontario Lowlands and the Appalachian Uplands. Bearing-tree records from the
                Holland Land Company township surveys of western New York in c. 1800 were collected
                and analysed. The geostatistical method of indicator kriging was used to map
                spatially continuous representations of individual tree species. Rule-based and
                statistically clustered approaches were used to analyse and classify the
                reconstructed tree species distributions in order to obtain the vegetation
                association distribution. Contingency table analysis was conducted to quantify
                species relationships with soil conditions. The presettlement vegetation at both the
                tree species and the vegetation association levels were easier to interpret and
                visually more effective as a spatially continuous representation than as a
                discontinuous distribution of symbols. The results for tree species were probability
                occurrences of species distribution, showing spatial patterns that were not apparent
                in discrete maps of points or in summary tables of species frequencies. Analysis of
                the 8792 bearing trees suggested the dominance of American beech (Fagus grandifolia)
                and sugar maple (Acer saccharum) in the forest composition 200 years ago. Both soil
                drainage and texture were important site determinants of the vegetation in western
                New York. The rule-based and statistically clustered approaches had the advantage of
                summarizing vegetation compositional patterns in a single image, thus avoiding the
                need to delineate manually and subjectively the location of boundaries between
                adjacent vegetation associations. The study offers more insights into the spatial
                pattern of presettlement forests in western New York than do prior studies. The
                spatially continuous representation could also enable the comparison of vegetation
                distribution from data sources that have different sampling schemes, for example the
                comparison of presettlement vegetation from the presettlement land survey records
                with current vegetation from modern forest inventories. The results are of value,
                providing a useful benchmark against which to examine vegetation change and the
                impacts of human land use.</subfield>
        </datafield>
        <datafield tag="593" ind1=" " ind2=" ">
            <subfield code="a">PubAg article</subfield>
        </datafield>
        <datafield tag="650" ind1=" " ind2="3">
            <subfield code="a">Acer saccharum</subfield>
        </datafield>
        <datafield tag="650" ind1=" " ind2="3">
            <subfield code="a">Fagus grandifolia</subfield>
        </datafield>
        <datafield tag="650" ind1=" " ind2="3">
            <subfield code="a">anthropogenic activities</subfield>
        </datafield>
        <datafield tag="650" ind1=" " ind2="3">
            <subfield code="a">biogeography</subfield>
        </datafield>
        <datafield tag="650" ind1=" " ind2="3">
            <subfield code="a">drainage</subfield>
        </datafield>
        <datafield tag="650" ind1=" " ind2="3">
            <subfield code="a">forest inventory</subfield>
        </datafield>
        <datafield tag="650" ind1=" " ind2="3">
            <subfield code="a">forests</subfield>
        </datafield>
        <datafield tag="650" ind1=" " ind2="3">
            <subfield code="a">geographic information systems</subfield>
        </datafield>
        <datafield tag="650" ind1=" " ind2="3">
            <subfield code="a">geostatistics</subfield>
        </datafield>
        <datafield tag="650" ind1=" " ind2="3">
            <subfield code="a">highlands</subfield>
        </datafield>
        <datafield tag="650" ind1=" " ind2="3">
            <subfield code="a">kriging</subfield>
        </datafield>
        <datafield tag="650" ind1=" " ind2="3">
            <subfield code="a">land use</subfield>
        </datafield>
        <datafield tag="650" ind1=" " ind2="3">
            <subfield code="a">lowlands</subfield>
        </datafield>
        <datafield tag="650" ind1=" " ind2="3">
            <subfield code="a">probability</subfield>
        </datafield>
        <datafield tag="650" ind1=" " ind2="3">
            <subfield code="a">soil</subfield>
        </datafield>
        <datafield tag="650" ind1=" " ind2="3">
            <subfield code="a">texture</subfield>
        </datafield>
        <datafield tag="650" ind1=" " ind2="3">
            <subfield code="a">trees</subfield>
        </datafield>
        <datafield tag="651" ind1=" " ind2="3">
            <subfield code="a">New York</subfield>
        </datafield>
        <datafield tag="653" ind1=" " ind2="0">
            <subfield code="a">Bearing trees</subfield>
        </datafield>
        <datafield tag="653" ind1=" " ind2="0">
            <subfield code="a">Holland Land Company</subfield>
        </datafield>
        <datafield tag="653" ind1=" " ind2="0">
            <subfield code="a">land survey records</subfield>
        </datafield>
        <datafield tag="653" ind1=" " ind2="0">
            <subfield code="a">presettlement forest</subfield>
        </datafield>
        <datafield tag="653" ind1=" " ind2="0">
            <subfield code="a">vegetation mapping</subfield>
        </datafield>
        <datafield tag="653" ind1=" " ind2="0">
            <subfield code="a">vegetation reconstruction</subfield>
        </datafield>
        <datafield tag="653" ind1=" " ind2="0">
            <subfield code="a">vegetation-site relationship</subfield>
        </datafield>
        <datafield tag="653" ind1=" " ind2="0">
            <subfield code="a">western New York</subfield>
        </datafield>
        <datafield tag="773" ind1="0" ind2=" ">
            <subfield code="t">Journal of biogeography.</subfield>
            <subfield code="g">2007 Mar., v. 34, no. 3 p.500-513</subfield>
            <subfield code="d">Oxford, UK : Blackwell Publishing Ltd</subfield>
            <subfield code="x">0305-0270</subfield>
            <subfield code="7">nnas</subfield>
        </datafield>
        <datafield tag="787" ind1="1" ind2=" ">
            <subfield code="o">islandora_article_repository</subfield>
        </datafield>
        <datafield tag="787" ind1="1" ind2=" ">
            <subfield code="o">product_pubag</subfield>
        </datafield>
        <datafield tag="787" ind1="1" ind2=" ">
            <subfield code="o">(Journal)jnl9765</subfield>
        </datafield>
        <datafield tag="852" ind1=" " ind2=" ">
            <subfield code="a">DNAL</subfield>
        </datafield>
        <datafield tag="856" ind1="4" ind2="0">
            <subfield code="u">http://dx.doi.org/10.1111/j.1365-2699.2006.01614.x</subfield>
            <subfield code="3">electronic resource</subfield>
        </datafield>
        <datafield tag="912" ind1=" " ind2=" ">
            <subfield code="a">Article</subfield>
        </datafield>
        <datafield tag="914" ind1=" " ind2=" ">
            <subfield code="a">Journal:jnl9765</subfield>
        </datafield>
        <datafield tag="914" ind1=" " ind2=" ">
            <subfield code="f">Journal of biogeography</subfield>
        </datafield>
        <datafield tag="916" ind1=" " ind2=" ">
            <subfield code="a">Batch:1247</subfield>
        </datafield>
        <datafield tag="917" ind1=" " ind2=" ">
            <subfield code="a">issued</subfield>
        </datafield>
        <datafield tag="930" ind1=" " ind2=" ">
            <subfield code="a">20070213</subfield>
            <subfield code="b">20070303</subfield>
            <subfield code="c">00000000</subfield>
        </datafield>
        <datafield tag="935" ind1=" " ind2=" ">
            <subfield code="a">IND43878491</subfield>
            <subfield code="9">ExL</subfield>
        </datafield>
        <datafield tag="946" ind1=" " ind2=" ">
            <subfield code="a">Non-US</subfield>
        </datafield>
        <datafield tag="949" ind1=" " ind2=" ">
            <subfield code="a">2016-03-29</subfield>
        </datafield>
        <datafield tag="952" ind1=" " ind2=" ">
            <subfield code="a">20070213 20070303 00000000</subfield>
        </datafield>
        <datafield tag="962" ind1=" " ind2=" ">
            <subfield code="a">Batch:1247 reviewed on 2016-03-29T15:00:02Z</subfield>
        </datafield>
        <datafield tag="974" ind1=" " ind2=" ">
            <subfield code="a">agid:3002081</subfield>
        </datafield>
        <datafield tag="984" ind1=" " ind2=" ">
            <subfield code="a">2016-03-29</subfield>
        </datafield>
        <datafield tag="985" ind1=" " ind2=" ">
            <subfield code="a">Converted from MARCXML to MODS version 3.4 using
                MARC21slim2MODS3-4.xsl (Revision 1.95 2014/04/23)</subfield>
        </datafield>
        <datafield tag="986" ind1=" " ind2=" ">
            <subfield code="a">3878491</subfield>
        </datafield>
    </record>