
    <record>
        <leader>04546nab a2200637 u 4500</leader>
        <controlfield tag="001">9915808619907426</controlfield>
        <controlfield tag="005">20221122001855.0</controlfield>
        <controlfield tag="008">141111e20121001xx |||||o|||||||||||eng||</controlfield>
        <datafield tag="016" ind1="7" ind2=" ">
            <subfield code="a">IND44727971</subfield>
            <subfield code="2">DNAL</subfield>
        </datafield>
        <datafield tag="024" ind1="7" ind2=" ">
            <subfield code="a">10.1016/j.foreco.2012.06.035</subfield>
            <subfield code="2">doi</subfield>
        </datafield>
        <datafield tag="035" ind1=" " ind2=" ">
            <subfield code="a">agid:449481-01nal_inst</subfield>
        </datafield>
        <datafield tag="040" ind1=" " ind2=" ">
            <subfield code="a">AGL</subfield>
            <subfield code="b">eng</subfield>
            <subfield code="c">AGL</subfield>
        </datafield>
        <datafield tag="100" ind1="1" ind2=" ">
            <subfield code="a">Gray, Andrew N.</subfield>
            <subfield code="e">author</subfield>
            <subfield code="u">USDA Forest Service Pacific Northwest Research Station, 3200 SW
                Jefferson Way, Corvallis, OR 97331, United States</subfield>
        </datafield>
        <datafield tag="245" ind1="1" ind2="0">
            <subfield code="a">Canopy gaps affect long-term patterns of tree growth and mortality in
                mature and old-growth forests in the Pacific Northwest</subfield>
        </datafield>
        <datafield tag="300" ind1=" " ind2=" ">
            <subfield code="a">p. 111-120.</subfield>
        </datafield>
        <datafield tag="520" ind1=" " ind2=" ">
            <subfield code="a">Canopy gaps created by tree mortality can affect the speed and
                trajectory of vegetation growth, species’ population dynamics, and spatial
                heterogeneity in mature forests. Most studies focus on plant development within
                gaps, yet gaps also affect the mortality and growth of surrounding trees, which
                influence shading and root encroachment into gaps and determine whether, and how
                quickly, a gap becomes occupied by recovering vegetation. The objective of this
                study was to determine the effect of canopy gap size on mortality and growth of
                surrounding trees over a 16-year period in mature and old-growth Douglas-fir
                dominated forests in the coastal Pacific Northwest, USA. Replicates of four sizes of
                experimental gaps and controls were created in two mature stands (90 and 145-years
                old) and two old-growth stands (overstory trees 350–525-years old); mortality and
                diameter of surrounding trees were measured periodically over 16 years. A subset of
                trees was cored to compare growth increment before and after gap creation. There was
                no difference between mortality rates of trees within 8m of gaps and trees in
                closed-canopy controls, although mortality causes did differ for understory trees.
                Mortality of understory trees was higher at gap edges than in controls, but lower
                several meters into the forest, suggesting a shift from negative to positive effects
                with the gradient in exposure. Diameter growth rates of trees were greater next to
                gaps than in controls, with the greatest difference ranging from 39% for overstory
                trees to 111% for understory trees in mature stands. Growth rates of trees in
                old-growth stands differed by crown class and position around gap, suggesting an
                effect of direct solar radiation. Growth rates of trees in mature stands were
                relatively insensitive to gap size and position, suggesting that increased soil
                moisture drove responses in these stands. Somewhat unexpectedly, there were rapid
                increases in growth in some old-growth trees, but not in the largest gap sizes.
                Results suggest canopy gaps can create heterogeneity of ecosystem function through
                spatial variation in effects on growth and mortality across mature and old-growth
                stands.</subfield>
        </datafield>
        <datafield tag="592" ind1=" " ind2=" ">
            <subfield code="a">Publisher supplied data</subfield>
        </datafield>
        <datafield tag="593" ind1=" " ind2=" ">
            <subfield code="a">PubAg article</subfield>
        </datafield>
        <datafield tag="650" ind1=" " ind2="3">
            <subfield code="a">canopy gaps</subfield>
        </datafield>
        <datafield tag="650" ind1=" " ind2="3">
            <subfield code="a">coastal forests</subfield>
        </datafield>
        <datafield tag="650" ind1=" " ind2="3">
            <subfield code="a">ecosystems</subfield>
        </datafield>
        <datafield tag="650" ind1=" " ind2="3">
            <subfield code="a">mortality</subfield>
        </datafield>
        <datafield tag="650" ind1=" " ind2="3">
            <subfield code="a">old-growth forests</subfield>
        </datafield>
        <datafield tag="650" ind1=" " ind2="3">
            <subfield code="a">overstory</subfield>
        </datafield>
        <datafield tag="650" ind1=" " ind2="3">
            <subfield code="a">plant development</subfield>
        </datafield>
        <datafield tag="650" ind1=" " ind2="3">
            <subfield code="a">population dynamics</subfield>
        </datafield>
        <datafield tag="650" ind1=" " ind2="3">
            <subfield code="a">roots</subfield>
        </datafield>
        <datafield tag="650" ind1=" " ind2="3">
            <subfield code="a">soil water</subfield>
        </datafield>
        <datafield tag="650" ind1=" " ind2="3">
            <subfield code="a">solar radiation</subfield>
        </datafield>
        <datafield tag="650" ind1=" " ind2="3">
            <subfield code="a">tree and stand measurements</subfield>
        </datafield>
        <datafield tag="650" ind1=" " ind2="3">
            <subfield code="a">tree growth</subfield>
        </datafield>
        <datafield tag="650" ind1=" " ind2="3">
            <subfield code="a">tree mortality</subfield>
        </datafield>
        <datafield tag="650" ind1=" " ind2="3">
            <subfield code="a">trees</subfield>
        </datafield>
        <datafield tag="650" ind1=" " ind2="3">
            <subfield code="a">understory</subfield>
        </datafield>
        <datafield tag="651" ind1=" " ind2="3">
            <subfield code="a">Pacific States</subfield>
        </datafield>
        <datafield tag="700" ind1="1" ind2=" ">
            <subfield code="a">Spies, Thomas A.</subfield>
            <subfield code="e">author</subfield>
            <subfield code="u">USDA Forest Service Pacific Northwest Research Station, 3200 SW
                Jefferson Way, Corvallis, OR 97331, United States</subfield>
        </datafield>
        <datafield tag="700" ind1="1" ind2=" ">
            <subfield code="a">Pabst, Robert J.</subfield>
            <subfield code="e">author</subfield>
            <subfield code="u">Department of Forest Ecosystems and Society, Oregon State University,
                Corvallis, OR 97331, United States</subfield>
        </datafield>
        <datafield tag="773" ind1="0" ind2=" ">
            <subfield code="t">Forest ecology and management.</subfield>
            <subfield code="g">2012 Oct. 1, v. 281 p.111-120</subfield>
            <subfield code="d">Elsevier B.V.</subfield>
            <subfield code="x">0378-1127</subfield>
            <subfield code="7">nnas</subfield>
        </datafield>
        <datafield tag="787" ind1="1" ind2=" ">
            <subfield code="o">islandora_article_repository</subfield>
        </datafield>
        <datafield tag="787" ind1="1" ind2=" ">
            <subfield code="o">product_pubag</subfield>
        </datafield>
        <datafield tag="787" ind1="1" ind2=" ">
            <subfield code="o">(Journal)jnl9013</subfield>
        </datafield>
        <datafield tag="856" ind1="4" ind2="0">
            <subfield code="u">http://dx.doi.org/10.1016/j.foreco.2012.06.035</subfield>
            <subfield code="3">Available from publisher's site</subfield>
        </datafield>
        <datafield tag="912" ind1=" " ind2=" ">
            <subfield code="a">Article</subfield>
        </datafield>
        <datafield tag="914" ind1=" " ind2=" ">
            <subfield code="a">Journal:jnl9013</subfield>
            <subfield code="b">0378-1127</subfield>
            <subfield code="c">281</subfield>
            <subfield code="e">111</subfield>
        </datafield>
        <datafield tag="914" ind1=" " ind2=" ">
            <subfield code="f">Forest ecology and management</subfield>
        </datafield>
        <datafield tag="917" ind1=" " ind2=" ">
            <subfield code="a">issued</subfield>
        </datafield>
        <datafield tag="918" ind1="2" ind2=" ">
            <subfield code="a">Elsevier B.V.</subfield>
            <subfield code="e">provider</subfield>
            <subfield code="5">DNAL</subfield>
        </datafield>
        <datafield tag="935" ind1=" " ind2=" ">
            <subfield code="a">IND44727971</subfield>
            <subfield code="9">ExL</subfield>
        </datafield>
        <datafield tag="949" ind1=" " ind2=" ">
            <subfield code="a">2013-09-26</subfield>
        </datafield>
        <datafield tag="953" ind1=" " ind2=" ">
            <subfield code="a">NAL27090037811270281000C.xml</subfield>
        </datafield>
        <datafield tag="961" ind1=" " ind2=" ">
            <subfield code="a">USDA/FS</subfield>
        </datafield>
        <datafield tag="962" ind1=" " ind2=" ">
            <subfield code="a">Batch:347 annotated on 2013-09-04T16:33:53Z</subfield>
        </datafield>
        <datafield tag="962" ind1=" " ind2=" ">
            <subfield code="a">Batch:347 reviewed on 2013-09-26T16:00:02Z</subfield>
        </datafield>
        <datafield tag="974" ind1=" " ind2=" ">
            <subfield code="a">agid:449481</subfield>
        </datafield>
        <datafield tag="983" ind1=" " ind2=" ">
            <subfield code="a">2014-11-11</subfield>
        </datafield>
        <datafield tag="984" ind1=" " ind2=" ">
            <subfield code="a">2014-11-11</subfield>
        </datafield>
    </record>