
    <record>
        <leader>06113nab a2200817 u 4500</leader>
        <controlfield tag="001">9915808637607426</controlfield>
        <controlfield tag="005">20221122044435.0</controlfield>
        <controlfield tag="008">201009e202010 xx |||||o|||||||||||eng||</controlfield>
        <datafield tag="016" ind1="7" ind2=" ">
            <subfield code="a">IND607121730</subfield>
            <subfield code="2">DNAL</subfield>
        </datafield>
        <datafield tag="024" ind1="7" ind2=" ">
            <subfield code="a">10.1111/oik.07335</subfield>
            <subfield code="2">doi</subfield>
        </datafield>
        <datafield tag="035" ind1=" " ind2=" ">
            <subfield code="a">agid:7121730-01nal_inst</subfield>
        </datafield>
        <datafield tag="040" ind1=" " ind2=" ">
            <subfield code="a">AGL</subfield>
            <subfield code="b">eng</subfield>
            <subfield code="c">AGL</subfield>
        </datafield>
        <datafield tag="100" ind1="1" ind2=" ">
            <subfield code="a">Müller, Jörg</subfield>
            <subfield code="e">author</subfield>
            <subfield code="u">Field Station Fabrikschleichach, Dept of Animal Ecology and Tropical
                Biology, Biocenter, Univ. of Würzburg, Glashüttenstraße 5, DE‐96181, Rauhenebrach,
                Germany</subfield>
            <subfield code="1">https://orcid.org/0000-0002-1409-1586</subfield>
        </datafield>
        <datafield tag="245" ind1="1" ind2="0">
            <subfield code="a">Primary determinants of communities in deadwood vary among taxa but
                are regionally consistent</subfield>
        </datafield>
        <datafield tag="300" ind1=" " ind2=" ">
            <subfield code="a">p. 1579-1588.</subfield>
        </datafield>
        <datafield tag="500" ind1=" " ind2=" ">
            <subfield code="a">NAL-light</subfield>
        </datafield>
        <datafield tag="500" ind1=" " ind2=" ">
            <subfield code="a">JOURNAL ARTICLE</subfield>
        </datafield>
        <datafield tag="520" ind1=" " ind2=" ">
            <subfield code="a">The evolutionary split between gymnosperms and angiosperms has
                far‐reaching implications for the current communities colonizing trees. The inherent
                characteristics of dead wood include its role as a spatially scattered habitat of
                plant tissue, transient in time. Thus, local assemblages in deadwood forming a food
                web in a necrobiome should be affected not only by dispersal ability but also by
                host tree identity, the decay stage and local abiotic conditions. However,
                experiments simultaneously manipulating these potential community drivers in
                deadwood are lacking. To disentangle the importance of spatial distance and
                microclimate, as well as host identity and decay stage as drivers of local
                assemblages, we conducted two consecutive experiments, a 2‐tree species and 6‐tree
                species experiment with 80 and 72 tree logs, respectively, located in canopy
                openings and under closed canopies of a montane and a lowland forest. We sampled
                saproxylic beetles, spiders, fungi and bacterial assemblages from logs. Variation
                partitioning for community metrics based on a unified framework of Hill numbers
                showed consistent results for both studies: host identity was most important for
                sporocarp‐detected fungal assemblages, decay stage and host tree for DNA‐detected
                fungal assemblages, microclimate and decay stage for beetles and spiders and decay
                stage for bacteria. Spatial distance was of minor importance for most taxa but
                showed the strongest effects for arthropods. The contrasting patterns among the taxa
                highlight the need for multi‐taxon analyses in identifying the importance of abiotic
                and biotic drivers of community composition. Moreover, the consistent finding of
                microclimate as the primary driver for saproxylic beetles compared to host identity
                shows, for the first time that existing evolutionary host adaptions can be
                outcompeted by local climate conditions in deadwood.</subfield>
        </datafield>
        <datafield tag="592" ind1=" " ind2=" ">
            <subfield code="a">Publisher supplied data</subfield>
        </datafield>
        <datafield tag="593" ind1=" " ind2=" ">
            <subfield code="a">PubAg article</subfield>
        </datafield>
        <datafield tag="650" ind1=" " ind2="3">
            <subfield code="a">Angiospermae</subfield>
        </datafield>
        <datafield tag="650" ind1=" " ind2="3">
            <subfield code="a">Araneae</subfield>
        </datafield>
        <datafield tag="650" ind1=" " ind2="3">
            <subfield code="a">Coleoptera</subfield>
        </datafield>
        <datafield tag="650" ind1=" " ind2="3">
            <subfield code="a">Gymnospermae</subfield>
        </datafield>
        <datafield tag="650" ind1=" " ind2="3">
            <subfield code="a">arthropods</subfield>
        </datafield>
        <datafield tag="650" ind1=" " ind2="3">
            <subfield code="a">bacteria</subfield>
        </datafield>
        <datafield tag="650" ind1=" " ind2="3">
            <subfield code="a">canopy gaps</subfield>
        </datafield>
        <datafield tag="650" ind1=" " ind2="3">
            <subfield code="a">climatic factors</subfield>
        </datafield>
        <datafield tag="650" ind1=" " ind2="3">
            <subfield code="a">community structure</subfield>
        </datafield>
        <datafield tag="650" ind1=" " ind2="3">
            <subfield code="a">dead wood</subfield>
        </datafield>
        <datafield tag="650" ind1=" " ind2="3">
            <subfield code="a">deterioration</subfield>
        </datafield>
        <datafield tag="650" ind1=" " ind2="3">
            <subfield code="a">exhibitions</subfield>
        </datafield>
        <datafield tag="650" ind1=" " ind2="3">
            <subfield code="a">food webs</subfield>
        </datafield>
        <datafield tag="650" ind1=" " ind2="3">
            <subfield code="a">fungi</subfield>
        </datafield>
        <datafield tag="650" ind1=" " ind2="3">
            <subfield code="a">habitats</subfield>
        </datafield>
        <datafield tag="650" ind1=" " ind2="3">
            <subfield code="a">lowland forests</subfield>
        </datafield>
        <datafield tag="650" ind1=" " ind2="3">
            <subfield code="a">microclimate</subfield>
        </datafield>
        <datafield tag="650" ind1=" " ind2="3">
            <subfield code="a">plant tissues</subfield>
        </datafield>
        <datafield tag="650" ind1=" " ind2="3">
            <subfield code="a">trees</subfield>
        </datafield>
        <datafield tag="650" ind1=" " ind2="3">
            <subfield code="a">wood logs</subfield>
        </datafield>
        <datafield tag="700" ind1="1" ind2=" ">
            <subfield code="a">Ulyshen, Mike</subfield>
            <subfield code="e">author</subfield>
            <subfield code="u">USDA Forest Service, Southern Research Station, Athens, GA,
                USA</subfield>
        </datafield>
        <datafield tag="700" ind1="1" ind2=" ">
            <subfield code="a">Seibold, Sebastian</subfield>
            <subfield code="e">author</subfield>
            <subfield code="u">Dept of Ecology and Ecosystem Management, Technical Univ. of Munich,
                Freising, Germany</subfield>
        </datafield>
        <datafield tag="700" ind1="1" ind2=" ">
            <subfield code="a">Cadotte, Marc</subfield>
            <subfield code="e">author</subfield>
            <subfield code="u">Dept of Biological Sciences, Univ. of Toronto–Scarborough, Toronto,
                ON, Canada</subfield>
            <subfield code="1">https://orcid.org/0000-0002-5816-7693</subfield>
        </datafield>
        <datafield tag="700" ind1="1" ind2=" ">
            <subfield code="a">Chao, Anne</subfield>
            <subfield code="e">author</subfield>
            <subfield code="u">Inst. of Statistics, National Tsing Hua Univ., Hsin‐Chu,
                Taiwan</subfield>
        </datafield>
        <datafield tag="700" ind1="1" ind2=" ">
            <subfield code="a">Bässler, Claus</subfield>
            <subfield code="e">author</subfield>
            <subfield code="u">Field Station Fabrikschleichach, Dept of Animal Ecology and Tropical
                Biology, Biocenter, Univ. of Würzburg, Glashüttenstraße 5, DE‐96181, Rauhenebrach,
                Germany</subfield>
        </datafield>
        <datafield tag="700" ind1="1" ind2=" ">
            <subfield code="a">Vogel, Sebastian</subfield>
            <subfield code="e">author</subfield>
            <subfield code="u">Field Station Fabrikschleichach, Dept of Animal Ecology and Tropical
                Biology, Biocenter, Univ. of Würzburg, Glashüttenstraße 5, DE‐96181, Rauhenebrach,
                Germany</subfield>
            <subfield code="1">https://orcid.org/0000-0002-3500-3960</subfield>
        </datafield>
        <datafield tag="700" ind1="1" ind2=" ">
            <subfield code="a">Hagge, Jonas</subfield>
            <subfield code="e">author</subfield>
            <subfield code="u">Forest Nature Conservation, Georg‐August‐Univ. Göttingen, Göttingen,
                Germany</subfield>
            <subfield code="1">https://orcid.org/0000-0001-8938-6680</subfield>
        </datafield>
        <datafield tag="700" ind1="1" ind2=" ">
            <subfield code="a">Weiß, Ingmar</subfield>
            <subfield code="e">author</subfield>
            <subfield code="u">Bavarian Forest National Park, Grafenau, Germany</subfield>
        </datafield>
        <datafield tag="700" ind1="1" ind2=" ">
            <subfield code="a">Baldrian, Petr</subfield>
            <subfield code="e">author</subfield>
            <subfield code="u">Laboratory of Environmental Microbiology, Inst. of Microbiology of
                the Czech Academy of Sciences, Prague, Czech Republic</subfield>
        </datafield>
        <datafield tag="700" ind1="1" ind2=" ">
            <subfield code="a">Tláskal, Vojtěch</subfield>
            <subfield code="e">author</subfield>
            <subfield code="u">Laboratory of Environmental Microbiology, Inst. of Microbiology of
                the Czech Academy of Sciences, Prague, Czech Republic</subfield>
            <subfield code="1">https://orcid.org/0000-0002-2924-9470</subfield>
        </datafield>
        <datafield tag="700" ind1="1" ind2=" ">
            <subfield code="a">Thorn, Simon</subfield>
            <subfield code="e">author</subfield>
            <subfield code="u">Field Station Fabrikschleichach, Dept of Animal Ecology and Tropical
                Biology, Biocenter, Univ. of Würzburg, Glashüttenstraße 5, DE‐96181, Rauhenebrach,
                Germany</subfield>
            <subfield code="1">https://orcid.org/0000-0002-3062-3060</subfield>
        </datafield>
        <datafield tag="773" ind1="0" ind2=" ">
            <subfield code="t">Oikos.</subfield>
            <subfield code="g">2020 Oct., v. 129, no. 10 p.1579-1588</subfield>
            <subfield code="d">Blackwell Publishing Ltd</subfield>
            <subfield code="w">Journal:jnl30362</subfield>
            <subfield code="x">0030-1299</subfield>
            <subfield code="7">nnas</subfield>
        </datafield>
        <datafield tag="787" ind1="1" ind2=" ">
            <subfield code="o">islandora_article_repository</subfield>
        </datafield>
        <datafield tag="787" ind1="1" ind2=" ">
            <subfield code="o">product_pubag</subfield>
        </datafield>
        <datafield tag="787" ind1="1" ind2=" ">
            <subfield code="o">(Journal)jnl30362</subfield>
        </datafield>
        <datafield tag="856" ind1="4" ind2="0">
            <subfield code="u">http://dx.doi.org/10.1111/oik.07335</subfield>
            <subfield code="3">Available from publisher's site</subfield>
        </datafield>
        <datafield tag="912" ind1=" " ind2=" ">
            <subfield code="a">Article</subfield>
        </datafield>
        <datafield tag="914" ind1=" " ind2=" ">
            <subfield code="a">Journal:jnl30362</subfield>
            <subfield code="b">0030-1299</subfield>
            <subfield code="c">129</subfield>
            <subfield code="d">10</subfield>
            <subfield code="e">1579</subfield>
        </datafield>
        <datafield tag="914" ind1=" " ind2=" ">
            <subfield code="f">Oikos</subfield>
        </datafield>
        <datafield tag="916" ind1=" " ind2=" ">
            <subfield code="a">Batch:2644</subfield>
        </datafield>
        <datafield tag="917" ind1=" " ind2=" ">
            <subfield code="a">issued</subfield>
        </datafield>
        <datafield tag="918" ind1="2" ind2=" ">
            <subfield code="a">John Wiley &amp; Sons, Inc</subfield>
            <subfield code="e">provider</subfield>
            <subfield code="5">DNAL</subfield>
        </datafield>
        <datafield tag="935" ind1=" " ind2=" ">
            <subfield code="a">IND607121730</subfield>
            <subfield code="9">ExL</subfield>
        </datafield>
        <datafield tag="949" ind1=" " ind2=" ">
            <subfield code="a">2021-03-01</subfield>
        </datafield>
        <datafield tag="953" ind1=" " ind2=" ">
            <subfield code="a">/data/metadata/incoming/wiley/00301299_2020_129_10.xml</subfield>
        </datafield>
        <datafield tag="954" ind1=" " ind2=" ">
            <subfield code="a">file:/data/metadata/staging/wiley/00301299_2020_129_10.xml</subfield>
        </datafield>
        <datafield tag="955" ind1=" " ind2=" ">
            <subfield code="a">/data/metadata/staging/wiley/</subfield>
        </datafield>
        <datafield tag="961" ind1=" " ind2=" ">
            <subfield code="a">USDA/FS</subfield>
        </datafield>
        <datafield tag="974" ind1=" " ind2=" ">
            <subfield code="a">agid:7121730</subfield>
        </datafield>
        <datafield tag="983" ind1=" " ind2=" ">
            <subfield code="a">2020-10-09</subfield>
        </datafield>
        <datafield tag="984" ind1=" " ind2=" ">
            <subfield code="a">2021-03-01</subfield>
        </datafield>
    </record>