
    <record>
        <leader>03950nab a2200601 u 4500</leader>
        <controlfield tag="001">9915808756007426</controlfield>
        <controlfield tag="005">20221123032917.0</controlfield>
        <controlfield tag="008">160609e201606 xx |||||o|||||||||||eng||</controlfield>
        <datafield tag="016" ind1="7" ind2=" ">
            <subfield code="a">IND605232543</subfield>
            <subfield code="2">DNAL</subfield>
        </datafield>
        <datafield tag="024" ind1="7" ind2=" ">
            <subfield code="a">10.1890/15-1151</subfield>
            <subfield code="2">doi</subfield>
        </datafield>
        <datafield tag="035" ind1=" " ind2=" ">
            <subfield code="a">agid:5232543-01nal_inst</subfield>
        </datafield>
        <datafield tag="040" ind1=" " ind2=" ">
            <subfield code="a">AGL</subfield>
            <subfield code="b">eng</subfield>
            <subfield code="c">AGL</subfield>
        </datafield>
        <datafield tag="100" ind1="1" ind2=" ">
            <subfield code="a">Johnson, Lane B.</subfield>
            <subfield code="e">author</subfield>
            <subfield code="u">Department of Geography, Environment, and Society, University of
                Minnesota, Minneapolis, Minnesota, 55455, USA</subfield>
        </datafield>
        <datafield tag="245" ind1="1" ind2="2">
            <subfield code="a">A fire history derived from Pinus resinosa Ait. for the Islands of
                Eastern Lac La Croix, Minnesota, USA</subfield>
        </datafield>
        <datafield tag="300" ind1=" " ind2=" ">
            <subfield code="a">p. 1030-1046.</subfield>
        </datafield>
        <datafield tag="500" ind1=" " ind2=" ">
            <subfield code="a">JOURNAL ARTICLE</subfield>
        </datafield>
        <datafield tag="520" ind1=" " ind2=" ">
            <subfield code="a">We reconstructed fire occurrence near a fur‐trade era canoe travel
                corridor (used ca. 1780–1802) in the Quetico‐Superior region west of Lake Superior
                to explore the possibility of human influence on pre‐fire suppression rates of fire
                occurrence. Our research objectives were to (1) examine the spatial and temporal
                patterns of fire in the study area, (2) test fires’ strength of association with
                regional drought, and (3) assess whether reconstructed fire frequencies could be
                explained by observed rates of lightning fire ignition over the modern period of
                record. We developed a 420‐year fire history for the eastern portion of Lac La Croix
                in the Boundary Waters Canoe Area Wilderness (BWCAW). Seventy‐one fire‐scarred
                samples were collected from remnant Pinus resinosa Ait. (red pine) stumps and logs
                from thirteen distinct island and three mainland forest stands. Collectively these
                samples contained records of 255 individual fire scars representing 79 fire events
                from 1636 to 1933 (study area mean fire intervals [MFI] = 3.8 yr). Reconstructed
                fires were spatially and temporally asynchronous and not strongly associated with
                regional drought (P &gt; 0.05). When compared to the conservative, tree‐ring
                reconstructed estimate of historical fire occurrence and modern lightning‐caused
                fires (1929–2012), a noticeable change in the distribution and frequency of fires
                within the study area was evident with only two lightning‐ignited island fires since
                1934 in the study area. Our results suggest a high likelihood that indigenous land
                use contributed to surface fire ignitions within our study area and highlights the
                importance of examining the potential effects of past indigenous land use when
                determining modern approaches to fire and wilderness management in fire‐adapted
                ecosystems.</subfield>
        </datafield>
        <datafield tag="592" ind1=" " ind2=" ">
            <subfield code="a">Publisher supplied data</subfield>
        </datafield>
        <datafield tag="593" ind1=" " ind2=" ">
            <subfield code="a">PubAg article</subfield>
        </datafield>
        <datafield tag="650" ind1=" " ind2="3">
            <subfield code="a">Pinus resinosa</subfield>
        </datafield>
        <datafield tag="650" ind1=" " ind2="3">
            <subfield code="a">drought</subfield>
        </datafield>
        <datafield tag="650" ind1=" " ind2="3">
            <subfield code="a">ecosystems</subfield>
        </datafield>
        <datafield tag="650" ind1=" " ind2="3">
            <subfield code="a">fire scars</subfield>
        </datafield>
        <datafield tag="650" ind1=" " ind2="3">
            <subfield code="a">fires</subfield>
        </datafield>
        <datafield tag="650" ind1=" " ind2="3">
            <subfield code="a">forest stands</subfield>
        </datafield>
        <datafield tag="650" ind1=" " ind2="3">
            <subfield code="a">growth rings</subfield>
        </datafield>
        <datafield tag="650" ind1=" " ind2="3">
            <subfield code="a">humans</subfield>
        </datafield>
        <datafield tag="650" ind1=" " ind2="3">
            <subfield code="a">islands</subfield>
        </datafield>
        <datafield tag="650" ind1=" " ind2="3">
            <subfield code="a">land use</subfield>
        </datafield>
        <datafield tag="650" ind1=" " ind2="3">
            <subfield code="a">lightning</subfield>
        </datafield>
        <datafield tag="650" ind1=" " ind2="3">
            <subfield code="a">stumps</subfield>
        </datafield>
        <datafield tag="650" ind1=" " ind2="3">
            <subfield code="a">wilderness</subfield>
        </datafield>
        <datafield tag="651" ind1=" " ind2="3">
            <subfield code="a">Lake Superior</subfield>
        </datafield>
        <datafield tag="651" ind1=" " ind2="3">
            <subfield code="a">Minnesota</subfield>
        </datafield>
        <datafield tag="700" ind1="1" ind2=" ">
            <subfield code="a">Kipfmueller, Kurt F.</subfield>
            <subfield code="e">author</subfield>
            <subfield code="u">Department of Geography, Environment, and Society, University of
                Minnesota, Minneapolis, Minnesota, 55455, USA</subfield>
        </datafield>
        <datafield tag="773" ind1="0" ind2=" ">
            <subfield code="t">Ecological applications.</subfield>
            <subfield code="g">2016 June, v. 26, no. 4 p.1030-1046</subfield>
            <subfield code="d">John Wiley &amp; Sons, Ltd</subfield>
            <subfield code="x">1051-0761</subfield>
            <subfield code="7">nnas</subfield>
        </datafield>
        <datafield tag="787" ind1="1" ind2=" ">
            <subfield code="o">islandora_article_repository</subfield>
        </datafield>
        <datafield tag="787" ind1="1" ind2=" ">
            <subfield code="o">product_pubag</subfield>
        </datafield>
        <datafield tag="787" ind1="1" ind2=" ">
            <subfield code="o">(Journal)jnl47193</subfield>
        </datafield>
        <datafield tag="856" ind1="4" ind2="0">
            <subfield code="u">http://dx.doi.org/10.1890/15-1151</subfield>
            <subfield code="3">Available from publisher's site</subfield>
        </datafield>
        <datafield tag="912" ind1=" " ind2=" ">
            <subfield code="a">Article</subfield>
        </datafield>
        <datafield tag="914" ind1=" " ind2=" ">
            <subfield code="a">Journal:jnl47193</subfield>
            <subfield code="b">1051-0761</subfield>
            <subfield code="c">26</subfield>
            <subfield code="d">4</subfield>
            <subfield code="e">1030</subfield>
        </datafield>
        <datafield tag="914" ind1=" " ind2=" ">
            <subfield code="f">Ecological applications</subfield>
        </datafield>
        <datafield tag="916" ind1=" " ind2=" ">
            <subfield code="a">Batch:1392</subfield>
        </datafield>
        <datafield tag="917" ind1=" " ind2=" ">
            <subfield code="a">issued</subfield>
        </datafield>
        <datafield tag="918" ind1="2" ind2=" ">
            <subfield code="a">John Wiley &amp; Sons, Inc</subfield>
            <subfield code="e">provider</subfield>
            <subfield code="5">DNAL</subfield>
        </datafield>
        <datafield tag="935" ind1=" " ind2=" ">
            <subfield code="a">IND605232543</subfield>
            <subfield code="9">ExL</subfield>
        </datafield>
        <datafield tag="949" ind1=" " ind2=" ">
            <subfield code="a">2016-08-09</subfield>
        </datafield>
        <datafield tag="953" ind1=" " ind2=" ">
            <subfield code="a">10510761_2016_26_4.xml</subfield>
        </datafield>
        <datafield tag="962" ind1=" " ind2=" ">
            <subfield code="a">Batch:1392 reviewed on 2016-08-09T04:00:03Z</subfield>
        </datafield>
        <datafield tag="974" ind1=" " ind2=" ">
            <subfield code="a">agid:5232543</subfield>
        </datafield>
        <datafield tag="983" ind1=" " ind2=" ">
            <subfield code="a">2016-06-09</subfield>
        </datafield>
        <datafield tag="984" ind1=" " ind2=" ">
            <subfield code="a">2016-08-09</subfield>
        </datafield>
    </record>