
    <record>
        <leader>03268nab a2200565 u 4500</leader>
        <controlfield tag="001">9915809048307426</controlfield>
        <controlfield tag="005">20221122021220.0</controlfield>
        <controlfield tag="008">090313e200904 xx |||||o|||||||||||eng||</controlfield>
        <datafield tag="016" ind1="7" ind2=" ">
            <subfield code="a">IND44177716</subfield>
            <subfield code="2">DNAL</subfield>
        </datafield>
        <datafield tag="024" ind1="7" ind2=" ">
            <subfield code="a">10.1007/s11248-008-9202-7</subfield>
            <subfield code="2">doi</subfield>
        </datafield>
        <datafield tag="035" ind1=" " ind2=" ">
            <subfield code="a">agid:444122-01nal_inst</subfield>
        </datafield>
        <datafield tag="040" ind1=" " ind2=" ">
            <subfield code="a">AGL</subfield>
            <subfield code="b">eng</subfield>
            <subfield code="c">AGL</subfield>
        </datafield>
        <datafield tag="100" ind1="1" ind2=" ">
            <subfield code="a">Gianì, Silvia</subfield>
        </datafield>
        <datafield tag="245" ind1="1" ind2="0">
            <subfield code="a">In trangenic rice, α- and β-tubulin regulatory sequences control GUS
                amount and distribution through intron mediated enhancement and intron dependent
                spatial expression</subfield>
        </datafield>
        <datafield tag="300" ind1=" " ind2=" ">
            <subfield code="a">p. 151-162.</subfield>
        </datafield>
        <datafield tag="500" ind1=" " ind2=" ">
            <subfield code="a">Includes references</subfield>
        </datafield>
        <datafield tag="500" ind1=" " ind2=" ">
            <subfield code="a">2019-12-06</subfield>
        </datafield>
        <datafield tag="520" ind1=" " ind2=" ">
            <subfield code="a">The genomic upstream sequence of the rice tubulin gene OsTub6 has
                been cloned, sequenced and characterized. The 5'UTR sequence is interrupted by a 446
                bp long leader intron. This feature is shared with two other rice β-tubulin genes
                (OsTub4 and OsTub1) that, together with OsTub6, group in the same clade in the
                evolutionary phylogenetic tree of plant β-tubulins. Similarly to OsTub4, the leader
                intron of OsTub6 is capable of sustaining intron mediated enhancement (IME) of gene
                expression, in transient expression assays. A general picture is drawn for three
                rice α-tubulin and two rice β-tubulin genes in which the first intron of the coding
                sequence for the formers and the intron present in the 5'UTR for the latters, are
                important elements for controlling gene expression. We used OsTua2:GUS, OsTua3:GUS,
                OsTub4:GUS and OsTub6:GUS chimeric constructs to investigate the in vivo pattern of
                beta-glucuronidase (GUS) expression in transgenic rice plants. The influence of the
                regulatory introns on expression patterns was evaluated for two of them, OsTua2 and
                OsTub4. We have thus characterized distinct patterns of expression attributable to
                each tubulin isotype and we have shown that the presence of the regulatory intron
                can greatly influence both the amount and the actual site of expression. We propose
                the term Intron Dependent Spatial Expression (IDSE) to highlight this latter
                effect.</subfield>
        </datafield>
        <datafield tag="593" ind1=" " ind2=" ">
            <subfield code="a">PubAg article</subfield>
        </datafield>
        <datafield tag="650" ind1=" " ind2="3">
            <subfield code="a">rice</subfield>
        </datafield>
        <datafield tag="650" ind1=" " ind2="3">
            <subfield code="a">regulatory sequences</subfield>
        </datafield>
        <datafield tag="650" ind1=" " ind2="3">
            <subfield code="a">transposons</subfield>
        </datafield>
        <datafield tag="650" ind1=" " ind2="3">
            <subfield code="a">tubulin</subfield>
        </datafield>
        <datafield tag="650" ind1=" " ind2="3">
            <subfield code="a">phylogeny</subfield>
        </datafield>
        <datafield tag="650" ind1=" " ind2="3">
            <subfield code="a">gene expression</subfield>
        </datafield>
        <datafield tag="650" ind1=" " ind2="3">
            <subfield code="a">introns</subfield>
        </datafield>
        <datafield tag="650" ind1=" " ind2="3">
            <subfield code="a">beta-glucuronidase</subfield>
        </datafield>
        <datafield tag="653" ind1=" " ind2="0">
            <subfield code="a">genes</subfield>
        </datafield>
        <datafield tag="700" ind1="1" ind2=" ">
            <subfield code="a">Altana, Andrea</subfield>
        </datafield>
        <datafield tag="700" ind1="1" ind2=" ">
            <subfield code="a">Campanoni, Prisca</subfield>
        </datafield>
        <datafield tag="700" ind1="1" ind2=" ">
            <subfield code="a">Morello, Laura</subfield>
        </datafield>
        <datafield tag="700" ind1="1" ind2=" ">
            <subfield code="a">Breviario, Diego</subfield>
        </datafield>
        <datafield tag="773" ind1="0" ind2=" ">
            <subfield code="t">Transgenic research.</subfield>
            <subfield code="g">2009 Apr., v. 18, no. 2 p.151-162</subfield>
            <subfield code="d">Springer Netherlands</subfield>
            <subfield code="x">0962-8819</subfield>
            <subfield code="7">nnas</subfield>
        </datafield>
        <datafield tag="787" ind1="1" ind2=" ">
            <subfield code="o">islandora_article_repository</subfield>
        </datafield>
        <datafield tag="787" ind1="1" ind2=" ">
            <subfield code="o">product_pubag</subfield>
        </datafield>
        <datafield tag="787" ind1="1" ind2=" ">
            <subfield code="o">(Journal)jnl53275</subfield>
        </datafield>
        <datafield tag="852" ind1=" " ind2=" ">
            <subfield code="a">DNAL</subfield>
        </datafield>
        <datafield tag="856" ind1="4" ind2="0">
            <subfield code="u">http://dx.doi.org/10.1007/s11248-008-9202-7</subfield>
        </datafield>
        <datafield tag="912" ind1=" " ind2=" ">
            <subfield code="a">Article</subfield>
        </datafield>
        <datafield tag="914" ind1=" " ind2=" ">
            <subfield code="a">Journal:jnl53275</subfield>
            <subfield code="b">0962-8819</subfield>
            <subfield code="c">18</subfield>
            <subfield code="d">2</subfield>
            <subfield code="e">151</subfield>
        </datafield>
        <datafield tag="914" ind1=" " ind2=" ">
            <subfield code="f">Transgenic research</subfield>
        </datafield>
        <datafield tag="917" ind1=" " ind2=" ">
            <subfield code="a">issued</subfield>
        </datafield>
        <datafield tag="935" ind1=" " ind2=" ">
            <subfield code="a">IND44177716</subfield>
            <subfield code="9">ExL</subfield>
        </datafield>
        <datafield tag="949" ind1=" " ind2=" ">
            <subfield code="a">2014-05-13</subfield>
        </datafield>
        <datafield tag="962" ind1=" " ind2=" ">
            <subfield code="a">Batch:524 annotated on 2014-04-22T10:41:05Z</subfield>
        </datafield>
        <datafield tag="962" ind1=" " ind2=" ">
            <subfield code="a">Batch:524 reviewed on 2014-05-13T04:00:02Z</subfield>
        </datafield>
        <datafield tag="974" ind1=" " ind2=" ">
            <subfield code="a">agid:444122</subfield>
        </datafield>
        <datafield tag="984" ind1=" " ind2=" ">
            <subfield code="a">2009-05-22</subfield>
        </datafield>
        <datafield tag="985" ind1=" " ind2=" ">
            <subfield code="a">Converted from MARCXML to MODS version 3.4 using
                MARC21slim2MODS3-4.xsl (Revision 1.77 2012/03/23)</subfield>
        </datafield>
        <datafield tag="986" ind1=" " ind2=" ">
            <subfield code="a">4177716</subfield>
        </datafield>
    </record>