
    <record>
        <leader>04664nab a2200697 u 4500</leader>
        <controlfield tag="001">9915809468407426</controlfield>
        <controlfield tag="005">20221121063539.0</controlfield>
        <controlfield tag="008">181117e201812 xx |||||o|||||||||||eng||</controlfield>
        <datafield tag="016" ind1="7" ind2=" ">
            <subfield code="a">IND606214027</subfield>
            <subfield code="2">DNAL</subfield>
        </datafield>
        <datafield tag="024" ind1="7" ind2=" ">
            <subfield code="a">10.1007/s00442-018-4278-0</subfield>
            <subfield code="2">doi</subfield>
        </datafield>
        <datafield tag="035" ind1=" " ind2=" ">
            <subfield code="a">agid:6214027-01nal_inst</subfield>
        </datafield>
        <datafield tag="040" ind1=" " ind2=" ">
            <subfield code="a">AGL</subfield>
            <subfield code="b">eng</subfield>
            <subfield code="c">AGL</subfield>
        </datafield>
        <datafield tag="100" ind1="1" ind2=" ">
            <subfield code="a">Fruleux, Alexandre</subfield>
            <subfield code="e">author</subfield>
            <subfield code="u">Université de Lorraine, AgroParisTech, INRA, UMR Silva, 54000, Nancy,
                France. alexandre.fruleux@gmail.com</subfield>
            <subfield code="1">https://orcid.org/0000-0003-4166-8069</subfield>
        </datafield>
        <datafield tag="245" ind1="1" ind2="0">
            <subfield code="a">Aboveground overyielding in a mixed temperate forest is not explained
                by belowground processes</subfield>
        </datafield>
        <datafield tag="300" ind1=" " ind2=" ">
            <subfield code="a">p. 1183-1193.</subfield>
        </datafield>
        <datafield tag="520" ind1=" " ind2=" ">
            <subfield code="a">The relationship between forest productivity and tree species
                diversity has been described in detail, but the underlying processes have yet to be
                identified. One important issue is to understand which processes are at the origin
                of observed aboveground overyielding in some mixed forests. We used a beech–maple
                plantation exhibiting aboveground overyielding to test whether belowground processes
                could explain this pattern. Soil cores were collected to determine fine root (FR)
                biomass and vertical distribution. Correlograms were used to detect spatial
                arrangement. Near-infrared reflectance spectroscopy was used to identify the tree
                species proportion in the FR samples and spatial root segregation. An isotopic
                approach was used to identify water acquisition patterns. The structure and the
                composition of the ectomycorrhizal fungal community were determined by
                high-throughput sequencing of DNA in the soil samples. We found no spatial pattern
                for FR biomass or for its vertical distribution along the gradients. No vertical
                root segregation was found, as FR density for both species decreased with depth in a
                similar way. The two species displayed similar vertical water acquisition profiles
                as well, mainly absorbing water from shallow soil layers; hence, niche
                differentiation for water acquisition was not highlighted here. Significant
                alterations in the fungal community compositions were detected in function of the
                percentage of maple in the vicinity of beech. Our findings do not support the
                commonly suggested drivers of aboveground overyielding in species-diverse forests
                and suggest that competition reduction or between-species facilitation of
                belowground resource acquisition may not explain the observed aboveground
                overyielding.</subfield>
        </datafield>
        <datafield tag="592" ind1=" " ind2=" ">
            <subfield code="a">Publisher supplied data</subfield>
        </datafield>
        <datafield tag="593" ind1=" " ind2=" ">
            <subfield code="a">PubAg article</subfield>
        </datafield>
        <datafield tag="596" ind1=" " ind2=" ">
            <subfield code="a">ANR-11-LABX-0002-01</subfield>
            <subfield code="c">Agence Nationale de la Recherche</subfield>
        </datafield>
        <datafield tag="650" ind1=" " ind2="3">
            <subfield code="a">DNA</subfield>
        </datafield>
        <datafield tag="650" ind1=" " ind2="3">
            <subfield code="a">Fagus</subfield>
        </datafield>
        <datafield tag="650" ind1=" " ind2="3">
            <subfield code="a">biomass</subfield>
        </datafield>
        <datafield tag="650" ind1=" " ind2="3">
            <subfield code="a">ecological differentiation</subfield>
        </datafield>
        <datafield tag="650" ind1=" " ind2="3">
            <subfield code="a">ectomycorrhizae</subfield>
        </datafield>
        <datafield tag="650" ind1=" " ind2="3">
            <subfield code="a">fine roots</subfield>
        </datafield>
        <datafield tag="650" ind1=" " ind2="3">
            <subfield code="a">fungal communities</subfield>
        </datafield>
        <datafield tag="650" ind1=" " ind2="3">
            <subfield code="a">high-throughput nucleotide sequencing</subfield>
        </datafield>
        <datafield tag="650" ind1=" " ind2="3">
            <subfield code="a">mixed forests</subfield>
        </datafield>
        <datafield tag="650" ind1=" " ind2="3">
            <subfield code="a">near-infrared spectroscopy</subfield>
        </datafield>
        <datafield tag="650" ind1=" " ind2="3">
            <subfield code="a">soil</subfield>
        </datafield>
        <datafield tag="650" ind1=" " ind2="3">
            <subfield code="a">soil sampling</subfield>
        </datafield>
        <datafield tag="650" ind1=" " ind2="3">
            <subfield code="a">spatial distribution</subfield>
        </datafield>
        <datafield tag="650" ind1=" " ind2="3">
            <subfield code="a">species diversity</subfield>
        </datafield>
        <datafield tag="650" ind1=" " ind2="3">
            <subfield code="a">temperate forests</subfield>
        </datafield>
        <datafield tag="650" ind1=" " ind2="3">
            <subfield code="a">trees</subfield>
        </datafield>
        <datafield tag="700" ind1="1" ind2=" ">
            <subfield code="a">Bogeat-Triboulot, Marie-Béatrice</subfield>
            <subfield code="e">author</subfield>
            <subfield code="u">Université de Lorraine, AgroParisTech, INRA, UMR Silva, 54000, Nancy,
                France</subfield>
        </datafield>
        <datafield tag="700" ind1="1" ind2=" ">
            <subfield code="a">Collet, Catherine</subfield>
            <subfield code="e">author</subfield>
            <subfield code="u">Université de Lorraine, AgroParisTech, INRA, UMR Silva, 54000, Nancy,
                France</subfield>
        </datafield>
        <datafield tag="700" ind1="1" ind2=" ">
            <subfield code="a">Deveau, Aurélie</subfield>
            <subfield code="e">author</subfield>
            <subfield code="u">Université de Lorraine, INRA, UMR IAM, 54280, Champenoux,
                France</subfield>
        </datafield>
        <datafield tag="700" ind1="1" ind2=" ">
            <subfield code="a">Saint-André, Laurent</subfield>
            <subfield code="e">author</subfield>
            <subfield code="u">INRA, UR BEF, 54280, Champenoux, France</subfield>
        </datafield>
        <datafield tag="700" ind1="1" ind2=" ">
            <subfield code="a">Santenoise, Philippe</subfield>
            <subfield code="e">author</subfield>
            <subfield code="u">Université de Lorraine, AgroParisTech, INRA, UMR Silva, 54000, Nancy,
                France</subfield>
        </datafield>
        <datafield tag="700" ind1="1" ind2=" ">
            <subfield code="a">Bonal, Damien</subfield>
            <subfield code="e">author</subfield>
            <subfield code="u">Université de Lorraine, AgroParisTech, INRA, UMR Silva, 54000, Nancy,
                France</subfield>
        </datafield>
        <datafield tag="773" ind1="0" ind2=" ">
            <subfield code="t">Oecologia.</subfield>
            <subfield code="g">2018 Dec., v. 188, no. 4 p.1183-1193</subfield>
            <subfield code="d">Springer Berlin Heidelberg</subfield>
            <subfield code="w">Journal:jnl44754</subfield>
            <subfield code="x">0029-8549</subfield>
            <subfield code="7">nnas</subfield>
        </datafield>
        <datafield tag="787" ind1="1" ind2=" ">
            <subfield code="o">islandora_article_repository</subfield>
        </datafield>
        <datafield tag="787" ind1="1" ind2=" ">
            <subfield code="o">product_pubag</subfield>
        </datafield>
        <datafield tag="787" ind1="1" ind2=" ">
            <subfield code="o">(Journal)jnl44754</subfield>
        </datafield>
        <datafield tag="856" ind1="4" ind2="0">
            <subfield code="u">http://dx.doi.org/10.1007/s00442-018-4278-0</subfield>
            <subfield code="3">Available from publisher's site</subfield>
        </datafield>
        <datafield tag="912" ind1=" " ind2=" ">
            <subfield code="a">Article</subfield>
        </datafield>
        <datafield tag="914" ind1=" " ind2=" ">
            <subfield code="a">Journal:jnl44754</subfield>
            <subfield code="b">0029-8549</subfield>
            <subfield code="c">188</subfield>
            <subfield code="d">4</subfield>
            <subfield code="e">1183</subfield>
        </datafield>
        <datafield tag="914" ind1=" " ind2=" ">
            <subfield code="f">Oecologia</subfield>
        </datafield>
        <datafield tag="916" ind1=" " ind2=" ">
            <subfield code="a">Batch:2110</subfield>
        </datafield>
        <datafield tag="917" ind1=" " ind2=" ">
            <subfield code="a">issued</subfield>
        </datafield>
        <datafield tag="918" ind1="2" ind2=" ">
            <subfield code="a">Springer</subfield>
            <subfield code="e">provider</subfield>
            <subfield code="5">DNAL</subfield>
        </datafield>
        <datafield tag="935" ind1=" " ind2=" ">
            <subfield code="a">IND606214027</subfield>
            <subfield code="9">ExL</subfield>
        </datafield>
        <datafield tag="949" ind1=" " ind2=" ">
            <subfield code="a">2018-12-13</subfield>
        </datafield>
        <datafield tag="953" ind1=" " ind2=" ">
            <subfield code="a"
                >/data/metadata/incoming/springer/ftp_PUB_18-11-17_05-56-22.zip</subfield>
        </datafield>
        <datafield tag="954" ind1=" " ind2=" ">
            <subfield code="a">file:/data/metadata/staging/springer/00442-188-4.xml</subfield>
        </datafield>
        <datafield tag="955" ind1=" " ind2=" ">
            <subfield code="a">/data/metadata/staging/springer/</subfield>
        </datafield>
        <datafield tag="962" ind1=" " ind2=" ">
            <subfield code="a">Batch:2110 reviewed on 2018-12-13T15:00:03Z</subfield>
        </datafield>
        <datafield tag="974" ind1=" " ind2=" ">
            <subfield code="a">agid:6214027</subfield>
        </datafield>
        <datafield tag="983" ind1=" " ind2=" ">
            <subfield code="a">2018-11-17</subfield>
        </datafield>
        <datafield tag="984" ind1=" " ind2=" ">
            <subfield code="a">2018-12-13</subfield>
        </datafield>
    </record>