
    <record>
        <leader>03937nab a2200661 u 4500</leader>
        <controlfield tag="001">9915809598607426</controlfield>
        <controlfield tag="005">20221123004742.0</controlfield>
        <controlfield tag="008">180124e201801 xx |||||o|||||||||||eng||</controlfield>
        <datafield tag="016" ind1="7" ind2=" ">
            <subfield code="a">IND605886029</subfield>
            <subfield code="2">DNAL</subfield>
        </datafield>
        <datafield tag="024" ind1="7" ind2=" ">
            <subfield code="a">10.1002/ldr.2852</subfield>
            <subfield code="2">doi</subfield>
        </datafield>
        <datafield tag="035" ind1=" " ind2=" ">
            <subfield code="a">agid:5886029-01nal_inst</subfield>
        </datafield>
        <datafield tag="040" ind1=" " ind2=" ">
            <subfield code="a">AGL</subfield>
            <subfield code="b">eng</subfield>
            <subfield code="c">AGL</subfield>
        </datafield>
        <datafield tag="100" ind1="1" ind2=" ">
            <subfield code="a">Cao, Zhi</subfield>
            <subfield code="e">author</subfield>
        </datafield>
        <datafield tag="245" ind1="1" ind2="0">
            <subfield code="a">When and where did the Loess Plateau turn “green”? Analysis of the
                tendency and breakpoints of the normalized difference vegetation index</subfield>
        </datafield>
        <datafield tag="300" ind1=" " ind2=" ">
            <subfield code="a">p. 162-175.</subfield>
        </datafield>
        <datafield tag="500" ind1=" " ind2=" ">
            <subfield code="a">JOURNAL ARTICLE</subfield>
        </datafield>
        <datafield tag="520" ind1=" " ind2=" ">
            <subfield code="a">The Loess Plateau experiences the most serious soil erosion problems
                in China and possibly even globally. Many measures have been taken to increase the
                vegetation cover and to control soil erosion. Of these measures, the Grain for Green
                Project, launched in 1999, has been the most effective, changing the ecological and
                socio‐economic situation of the Plateau significantly. Using time series normalized
                difference vegetation index (NDVI) data from 1981 to 2013, this study analysed
                spatial patterns of changes in vegetation cover, detected spatial patterns of the
                abrupt‐change time of NDVI trends, and investigated factors that may contribute to
                these changes. The results showed that (a) vegetation restoration was obvious over
                the last decades, especially in the 2000s, and the increase in NDVI during 2000–2013
                was more than 3‐times that during 1990–2000. Approximately 54.99% of the Plateau
                during 2000–2013 had a statistically significant increase, mainly distributing in
                loess hilly and gully region and loess gully region. (b) Vegetation restoration was
                comprehensively affected by climate change and human activities (e.g., the Grain for
                Green Project, urbanization and policies), and the effects of each factor varied for
                different regions. (c) Vegetation in most of the Plateau began to increase around
                2007–2010, and 4 discrete areas with different timings of such break points were
                detected. The difference in the timing of break points in NDVI may be related with
                precipitation, reproducing tree species, management measures, and survival rate.
                These results imply that integrating natural and human factors is important when
                making effective and suitable measures and policies.</subfield>
        </datafield>
        <datafield tag="592" ind1=" " ind2=" ">
            <subfield code="a">Publisher supplied data</subfield>
        </datafield>
        <datafield tag="593" ind1=" " ind2=" ">
            <subfield code="a">PubAg article</subfield>
        </datafield>
        <datafield tag="650" ind1=" " ind2="3">
            <subfield code="a">climate change</subfield>
        </datafield>
        <datafield tag="650" ind1=" " ind2="3">
            <subfield code="a">ecological restoration</subfield>
        </datafield>
        <datafield tag="650" ind1=" " ind2="3">
            <subfield code="a">humans</subfield>
        </datafield>
        <datafield tag="650" ind1=" " ind2="3">
            <subfield code="a">issues and policy</subfield>
        </datafield>
        <datafield tag="650" ind1=" " ind2="3">
            <subfield code="a">loess</subfield>
        </datafield>
        <datafield tag="650" ind1=" " ind2="3">
            <subfield code="a">normalized difference vegetation index</subfield>
        </datafield>
        <datafield tag="650" ind1=" " ind2="3">
            <subfield code="a">plateaus</subfield>
        </datafield>
        <datafield tag="650" ind1=" " ind2="3">
            <subfield code="a">socioeconomics</subfield>
        </datafield>
        <datafield tag="650" ind1=" " ind2="3">
            <subfield code="a">soil erosion</subfield>
        </datafield>
        <datafield tag="650" ind1=" " ind2="3">
            <subfield code="a">survival rate</subfield>
        </datafield>
        <datafield tag="650" ind1=" " ind2="3">
            <subfield code="a">time series analysis</subfield>
        </datafield>
        <datafield tag="650" ind1=" " ind2="3">
            <subfield code="a">trees</subfield>
        </datafield>
        <datafield tag="650" ind1=" " ind2="3">
            <subfield code="a">urbanization</subfield>
        </datafield>
        <datafield tag="650" ind1=" " ind2="3">
            <subfield code="a">vegetation cover</subfield>
        </datafield>
        <datafield tag="651" ind1=" " ind2="3">
            <subfield code="a">China</subfield>
        </datafield>
        <datafield tag="700" ind1="1" ind2=" ">
            <subfield code="a">Li, Yurui</subfield>
            <subfield code="e">author</subfield>
        </datafield>
        <datafield tag="700" ind1="1" ind2=" ">
            <subfield code="a">Liu, Yansui</subfield>
            <subfield code="e">author</subfield>
        </datafield>
        <datafield tag="700" ind1="1" ind2=" ">
            <subfield code="a">Chen, Yufu</subfield>
            <subfield code="e">author</subfield>
        </datafield>
        <datafield tag="700" ind1="1" ind2=" ">
            <subfield code="a">Wang, Yongsheng</subfield>
            <subfield code="e">author</subfield>
        </datafield>
        <datafield tag="773" ind1="0" ind2=" ">
            <subfield code="t">Land degradation &amp; development.</subfield>
            <subfield code="g">2018 Jan., v. 29, no. 1 p.162-175</subfield>
            <subfield code="d">John Wiley &amp; Sons, Ltd</subfield>
            <subfield code="w">Journal:jnl54628</subfield>
            <subfield code="x">1085-3278</subfield>
            <subfield code="7">nnas</subfield>
        </datafield>
        <datafield tag="787" ind1="1" ind2=" ">
            <subfield code="o">islandora_article_repository</subfield>
        </datafield>
        <datafield tag="787" ind1="1" ind2=" ">
            <subfield code="o">product_pubag</subfield>
        </datafield>
        <datafield tag="787" ind1="1" ind2=" ">
            <subfield code="o">(Journal)jnl54628</subfield>
        </datafield>
        <datafield tag="856" ind1="4" ind2="0">
            <subfield code="u">http://dx.doi.org/10.1002/ldr.2852</subfield>
            <subfield code="3">Available from publisher's site</subfield>
        </datafield>
        <datafield tag="912" ind1=" " ind2=" ">
            <subfield code="a">Article</subfield>
        </datafield>
        <datafield tag="914" ind1=" " ind2=" ">
            <subfield code="a">Journal:jnl54628</subfield>
            <subfield code="b">1085-3278</subfield>
            <subfield code="c">29</subfield>
            <subfield code="d">1</subfield>
            <subfield code="e">162</subfield>
        </datafield>
        <datafield tag="914" ind1=" " ind2=" ">
            <subfield code="f">Land degradation &amp; development</subfield>
        </datafield>
        <datafield tag="916" ind1=" " ind2=" ">
            <subfield code="a">Batch:1921</subfield>
        </datafield>
        <datafield tag="917" ind1=" " ind2=" ">
            <subfield code="a">issued</subfield>
        </datafield>
        <datafield tag="918" ind1="2" ind2=" ">
            <subfield code="a">John Wiley &amp; Sons, Inc</subfield>
            <subfield code="e">provider</subfield>
            <subfield code="5">DNAL</subfield>
        </datafield>
        <datafield tag="935" ind1=" " ind2=" ">
            <subfield code="a">IND605886029</subfield>
            <subfield code="9">ExL</subfield>
        </datafield>
        <datafield tag="949" ind1=" " ind2=" ">
            <subfield code="a">2018-03-28</subfield>
        </datafield>
        <datafield tag="953" ind1=" " ind2=" ">
            <subfield code="a">/data/metadata/incoming/wiley/10853278_2018_29_1.xml</subfield>
        </datafield>
        <datafield tag="954" ind1=" " ind2=" ">
            <subfield code="a">file:/data/metadata/staging/wiley/10853278_2018_29_1.xml</subfield>
        </datafield>
        <datafield tag="955" ind1=" " ind2=" ">
            <subfield code="a">/data/metadata/staging/wiley/</subfield>
        </datafield>
        <datafield tag="962" ind1=" " ind2=" ">
            <subfield code="a">Batch:1921 reviewed on 2018-03-28T15:00:02Z</subfield>
        </datafield>
        <datafield tag="974" ind1=" " ind2=" ">
            <subfield code="a">agid:5886029</subfield>
        </datafield>
        <datafield tag="983" ind1=" " ind2=" ">
            <subfield code="a">2018-01-24</subfield>
        </datafield>
        <datafield tag="984" ind1=" " ind2=" ">
            <subfield code="a">2018-03-28</subfield>
        </datafield>
    </record>