
    <record>
        <leader>03756nab a2200565 u 4500</leader>
        <controlfield tag="001">9915809768907426</controlfield>
        <controlfield tag="005">20221120163632.0</controlfield>
        <controlfield tag="008">190730s2016 xx |||||o|||||||||||eng||</controlfield>
        <datafield tag="016" ind1="7" ind2=" ">
            <subfield code="a">IND605176526</subfield>
            <subfield code="2">DNAL</subfield>
        </datafield>
        <datafield tag="024" ind1="7" ind2=" ">
            <subfield code="a">10.1017/S0266467415000577</subfield>
            <subfield code="2">doi</subfield>
        </datafield>
        <datafield tag="035" ind1=" " ind2=" ">
            <subfield code="a">agid:5176526-01nal_inst</subfield>
        </datafield>
        <datafield tag="040" ind1=" " ind2=" ">
            <subfield code="a">AGL</subfield>
            <subfield code="b">eng</subfield>
            <subfield code="c">AGL</subfield>
        </datafield>
        <datafield tag="100" ind1="1" ind2=" ">
            <subfield code="a">Valenta, Kim</subfield>
            <subfield code="e">author</subfield>
            <subfield code="u">University of Toronto, Department of Anthropology, 19 Russell Street,
                Toronto, ON, M5Y 2S2, Canada</subfield>
        </datafield>
        <datafield tag="245" ind1="1" ind2="0">
            <subfield code="a">Spatial patterns of primary seed dispersal and adult tree
                distributions: Genipa americana dispersed by Cebus capucinus –
                CORRIGENDUM</subfield>
        </datafield>
        <datafield tag="300" ind1=" " ind2=" ">
            <subfield code="a">p. 88.</subfield>
        </datafield>
        <datafield tag="520" ind1=" " ind2=" ">
            <subfield code="a">The spatial distribution of adult trees is typically not expected to
                reflect the spatial patterns of primary seeddispersal, due to many factors
                influencing post-dispersal modification of the seed shadow, such as seed
                predation,secondary seed dispersal and density-dependent survival. Here, we test the
                hypothesis that spatial distributions ofprimary seed shadows and adult trees are
                concordant by analysing the spatial distributions of adultGenipa americanatrees and
                the seed shadow produced by its key primary disperser, the capuchin monkey (Cebus
                capucinus) in a tropicaldry forest in Costa Rica. We mapped the dispersal ofG.
                americanaseeds by the capuchins during focal animal follows(mean=463 min,n=50) of
                all adults in one free-ranging group over two early wet seasons (May–July, 2005
                and2006). We mapped the locations of allG. americanatrees within a 60-ha plot that
                lay within the home range of thecapuchin group. We conducted multiple spatial point
                pattern analyses comparing degrees of clustering of capuchindefecations andG.
                americanatrees. We found that adult tree distributions and primary dispersal
                patterns are similarlyaggregated at multiple spatial scales, despite the
                modification of the primary dispersal patterns and long
                dispersaldistances.</subfield>
        </datafield>
        <datafield tag="592" ind1=" " ind2=" ">
            <subfield code="a">Publisher supplied data</subfield>
        </datafield>
        <datafield tag="593" ind1=" " ind2=" ">
            <subfield code="a">PubAg article</subfield>
        </datafield>
        <datafield tag="650" ind1=" " ind2="3">
            <subfield code="a">Cebus</subfield>
        </datafield>
        <datafield tag="650" ind1=" " ind2="3">
            <subfield code="a">Genipa americana</subfield>
        </datafield>
        <datafield tag="650" ind1=" " ind2="3">
            <subfield code="a">defecation</subfield>
        </datafield>
        <datafield tag="650" ind1=" " ind2="3">
            <subfield code="a">probability</subfield>
        </datafield>
        <datafield tag="650" ind1=" " ind2="3">
            <subfield code="a">seed dispersal</subfield>
        </datafield>
        <datafield tag="650" ind1=" " ind2="3">
            <subfield code="a">trees</subfield>
        </datafield>
        <datafield tag="650" ind1=" " ind2="3">
            <subfield code="a">variance</subfield>
        </datafield>
        <datafield tag="700" ind1="1" ind2=" ">
            <subfield code="a">Hopkins, Mariah E.</subfield>
            <subfield code="e">author</subfield>
            <subfield code="u">University of Texas at Austin, Department of Anthropology, 1
                University Station, C3200, Austin, TX 78712, USA</subfield>
        </datafield>
        <datafield tag="700" ind1="1" ind2=" ">
            <subfield code="a">Meeking, Melanie</subfield>
            <subfield code="e">author</subfield>
            <subfield code="u">University of Calgary, Department of Anthropology, 2500 University
                Dr. N.W. Calgary, AB, T2N 1N4, Canad</subfield>
        </datafield>
        <datafield tag="700" ind1="1" ind2=" ">
            <subfield code="a">Chapman, Colin A.</subfield>
            <subfield code="e">author</subfield>
            <subfield code="u">McGill University, Anthropology and School of the Environment,
                Montreal, QC, H3A 2T7, Canad and Wildlife Conservation Society, Bronx, New York,
                USA</subfield>
        </datafield>
        <datafield tag="700" ind1="1" ind2=" ">
            <subfield code="a">Fedigan, Linda M.</subfield>
            <subfield code="e">author</subfield>
            <subfield code="u">University of Calgary, Department of Anthropology, 2500 University
                Dr. N.W. Calgary, AB, T2N 1N4, Canad</subfield>
        </datafield>
        <datafield tag="773" ind1="0" ind2=" ">
            <subfield code="t">Journal of tropical ecology.</subfield>
            <subfield code="g">2016, v. 32, no. 1 p.88-88</subfield>
            <subfield code="d">Cambridge University Press</subfield>
            <subfield code="w">Journal:21387</subfield>
            <subfield code="x">1469-7831</subfield>
            <subfield code="7">nnas</subfield>
        </datafield>
        <datafield tag="787" ind1="1" ind2=" ">
            <subfield code="o">islandora_article_repository</subfield>
        </datafield>
        <datafield tag="787" ind1="1" ind2=" ">
            <subfield code="o">product_pubag</subfield>
        </datafield>
        <datafield tag="787" ind1="1" ind2=" ">
            <subfield code="o">(Journal)21387</subfield>
        </datafield>
        <datafield tag="856" ind1="4" ind2="0">
            <subfield code="u">http://dx.doi.org/10.1017/S0266467415000577</subfield>
            <subfield code="3">Available from publisher's site</subfield>
        </datafield>
        <datafield tag="912" ind1=" " ind2=" ">
            <subfield code="a">Article</subfield>
        </datafield>
        <datafield tag="914" ind1=" " ind2=" ">
            <subfield code="a">Journal:21387</subfield>
            <subfield code="b">1469-7831</subfield>
            <subfield code="c">32</subfield>
            <subfield code="d">1</subfield>
            <subfield code="e">88</subfield>
        </datafield>
        <datafield tag="914" ind1=" " ind2=" ">
            <subfield code="f">J. Trop. Ecol.</subfield>
        </datafield>
        <datafield tag="916" ind1=" " ind2=" ">
            <subfield code="a">Batch:1793</subfield>
        </datafield>
        <datafield tag="917" ind1=" " ind2=" ">
            <subfield code="a">issued</subfield>
        </datafield>
        <datafield tag="918" ind1="2" ind2=" ">
            <subfield code="a">Cambridge University Press</subfield>
            <subfield code="e">provider</subfield>
            <subfield code="5">DNAL</subfield>
        </datafield>
        <datafield tag="935" ind1=" " ind2=" ">
            <subfield code="a">IND605176526</subfield>
            <subfield code="9">ExL</subfield>
        </datafield>
        <datafield tag="949" ind1=" " ind2=" ">
            <subfield code="a">2020-08-31</subfield>
        </datafield>
        <datafield tag="953" ind1=" " ind2=" ">
            <subfield code="a">/data/metadata/incoming/cambridge/0266-4674_TRO_32_1.zip</subfield>
        </datafield>
        <datafield tag="954" ind1=" " ind2=" ">
            <subfield code="a"
                >file:/data/metadata/staging/cambridge/S0266467415000577.xml</subfield>
        </datafield>
        <datafield tag="955" ind1=" " ind2=" ">
            <subfield code="a">/data/metadata/staging/cambridge/</subfield>
        </datafield>
        <datafield tag="961" ind1=" " ind2=" ">
            <subfield code="a">USDA</subfield>
        </datafield>
        <datafield tag="962" ind1=" " ind2=" ">
            <subfield code="a">USDA Scientist Submission; eISSN 1469-7831</subfield>
        </datafield>
        <datafield tag="974" ind1=" " ind2=" ">
            <subfield code="a">agid:5176526</subfield>
        </datafield>
        <datafield tag="983" ind1=" " ind2=" ">
            <subfield code="a">2019-07-30</subfield>
        </datafield>
        <datafield tag="984" ind1=" " ind2=" ">
            <subfield code="a">2020-06-19</subfield>
        </datafield>
    </record>