
    <record>
        <leader>03997nab a2200685 u 4500</leader>
        <controlfield tag="001">9915809810907426</controlfield>
        <controlfield tag="005">20221120205002.0</controlfield>
        <controlfield tag="008">190730e201511 xx |||||o|||||||||||eng||</controlfield>
        <datafield tag="016" ind1="7" ind2=" ">
            <subfield code="a">IND605176513</subfield>
            <subfield code="2">DNAL</subfield>
        </datafield>
        <datafield tag="024" ind1="7" ind2=" ">
            <subfield code="a">10.1017/S0266467415000413</subfield>
            <subfield code="2">doi</subfield>
        </datafield>
        <datafield tag="035" ind1=" " ind2=" ">
            <subfield code="a">agid:5176513-01nal_inst</subfield>
        </datafield>
        <datafield tag="040" ind1=" " ind2=" ">
            <subfield code="a">AGL</subfield>
            <subfield code="b">eng</subfield>
            <subfield code="c">AGL</subfield>
        </datafield>
        <datafield tag="100" ind1="1" ind2=" ">
            <subfield code="a">Valenta, Kim</subfield>
            <subfield code="e">author</subfield>
            <subfield code="u">University of Toronto, Department of Anthropology, 19 Russell Street,
                Toronto, ON, M5Y 2S2, Canada</subfield>
        </datafield>
        <datafield tag="245" ind1="1" ind2="0">
            <subfield code="a">Spatial patterns of primary seed dispersal and adult tree
                distributions: Genipa americana dispersed by Cebus capucinus</subfield>
        </datafield>
        <datafield tag="300" ind1=" " ind2=" ">
            <subfield code="a">p. 491-498.</subfield>
        </datafield>
        <datafield tag="520" ind1=" " ind2=" ">
            <subfield code="a">The spatial distribution of adult trees is typically not expected to
                reflect the spatial patterns of primary seed dispersal, due to many factors
                influencing post-dispersal modification of the seed shadow, such as seed predation,
                secondary seed dispersal and density-dependent survival. Here, we test the
                hypothesis that spatial distributions of primary seed shadows and adult trees are
                concordant by analysing the spatial distributions of adult Genipa americana trees
                and the seed shadow produced by its key primary disperser, the capuchin monkey
                (Cebus capucinus) in a tropical dry forest in Costa Rica. We mapped the dispersal of
                G. americana seeds by the capuchins during focal animal follows (mean = 463 min, n =
                50) of all adults in one free-ranging group over two early wet seasons (May–July,
                2005 and 2006). We mapped the locations of all G. americana trees within a 60-ha
                plot that lay within the home range of the capuchin group. We conducted multiple
                spatial point pattern analyses comparing degrees of clustering of capuchin
                defecations and G. americana trees. We found that adult tree distributions and
                primary dispersal patterns are similarly aggregated at multiple spatial scales,
                despite the modification of the primary dispersal patterns and long dispersal
                distances.</subfield>
        </datafield>
        <datafield tag="592" ind1=" " ind2=" ">
            <subfield code="a">Publisher supplied data</subfield>
        </datafield>
        <datafield tag="593" ind1=" " ind2=" ">
            <subfield code="a">PubAg article</subfield>
        </datafield>
        <datafield tag="650" ind1=" " ind2="3">
            <subfield code="a">Cebus</subfield>
        </datafield>
        <datafield tag="650" ind1=" " ind2="3">
            <subfield code="a">Genipa americana</subfield>
        </datafield>
        <datafield tag="650" ind1=" " ind2="3">
            <subfield code="a">adults</subfield>
        </datafield>
        <datafield tag="650" ind1=" " ind2="3">
            <subfield code="a">animals</subfield>
        </datafield>
        <datafield tag="650" ind1=" " ind2="3">
            <subfield code="a">dry forests</subfield>
        </datafield>
        <datafield tag="650" ind1=" " ind2="3">
            <subfield code="a">home range</subfield>
        </datafield>
        <datafield tag="650" ind1=" " ind2="3">
            <subfield code="a">mature plants</subfield>
        </datafield>
        <datafield tag="650" ind1=" " ind2="3">
            <subfield code="a">seed dispersal</subfield>
        </datafield>
        <datafield tag="650" ind1=" " ind2="3">
            <subfield code="a">seed predation</subfield>
        </datafield>
        <datafield tag="650" ind1=" " ind2="3">
            <subfield code="a">seeds</subfield>
        </datafield>
        <datafield tag="650" ind1=" " ind2="3">
            <subfield code="a">trees</subfield>
        </datafield>
        <datafield tag="650" ind1=" " ind2="3">
            <subfield code="a">wet season</subfield>
        </datafield>
        <datafield tag="651" ind1=" " ind2="3">
            <subfield code="a">Costa Rica</subfield>
        </datafield>
        <datafield tag="653" ind1=" " ind2="0">
            <subfield code="a">aggregation</subfield>
        </datafield>
        <datafield tag="653" ind1=" " ind2="0">
            <subfield code="a">clumped distribution</subfield>
        </datafield>
        <datafield tag="653" ind1=" " ind2="0">
            <subfield code="a">Costa Rica</subfield>
        </datafield>
        <datafield tag="653" ind1=" " ind2="0">
            <subfield code="a">post dispersal mortality</subfield>
        </datafield>
        <datafield tag="653" ind1=" " ind2="0">
            <subfield code="a">secondary dispersal</subfield>
        </datafield>
        <datafield tag="653" ind1=" " ind2="0">
            <subfield code="a">seed dispersal</subfield>
        </datafield>
        <datafield tag="700" ind1="1" ind2=" ">
            <subfield code="a">Hopkins, Mariah E.</subfield>
            <subfield code="e">author</subfield>
            <subfield code="u">University of Texas at Austin, Department of Anthropology, 1
                University Station, C3200, Austin, TX 78712, USA</subfield>
        </datafield>
        <datafield tag="700" ind1="1" ind2=" ">
            <subfield code="a">Meeking, Melanie</subfield>
            <subfield code="e">author</subfield>
            <subfield code="u">University of Calgary, Department of Anthropology, 2500 University
                Dr. N.W. Calgary, AB, T2N 1N4, Canada</subfield>
        </datafield>
        <datafield tag="700" ind1="1" ind2=" ">
            <subfield code="a">Chapman, Colin A.</subfield>
            <subfield code="e">author</subfield>
            <subfield code="u">McGill University, Anthropology and School of the Environment,
                Montreal, QC, H3A 2T7, Canada</subfield>
        </datafield>
        <datafield tag="700" ind1="1" ind2=" ">
            <subfield code="a">Fedigan, Linda M.</subfield>
            <subfield code="e">author</subfield>
            <subfield code="u">University of Calgary, Department of Anthropology, 2500 University
                Dr. N.W. Calgary, AB, T2N 1N4, Canada</subfield>
        </datafield>
        <datafield tag="773" ind1="0" ind2=" ">
            <subfield code="t">Journal of tropical ecology.</subfield>
            <subfield code="g">2015 Nov., v. 31, no. 6 p.491-498</subfield>
            <subfield code="d">Cambridge University Press</subfield>
            <subfield code="w">Journal:21387</subfield>
            <subfield code="x">1469-7831</subfield>
            <subfield code="7">nnas</subfield>
        </datafield>
        <datafield tag="787" ind1="1" ind2=" ">
            <subfield code="o">islandora_article_repository</subfield>
        </datafield>
        <datafield tag="787" ind1="1" ind2=" ">
            <subfield code="o">product_pubag</subfield>
        </datafield>
        <datafield tag="787" ind1="1" ind2=" ">
            <subfield code="o">(Journal)21387</subfield>
        </datafield>
        <datafield tag="856" ind1="4" ind2="0">
            <subfield code="u">http://dx.doi.org/10.1017/S0266467415000413</subfield>
            <subfield code="3">Available from publisher's site</subfield>
        </datafield>
        <datafield tag="912" ind1=" " ind2=" ">
            <subfield code="a">Article</subfield>
        </datafield>
        <datafield tag="914" ind1=" " ind2=" ">
            <subfield code="a">Journal:21387</subfield>
            <subfield code="b">1469-7831</subfield>
            <subfield code="c">31</subfield>
            <subfield code="d">6</subfield>
            <subfield code="e">491</subfield>
        </datafield>
        <datafield tag="914" ind1=" " ind2=" ">
            <subfield code="f">J. Trop. Ecol.</subfield>
        </datafield>
        <datafield tag="916" ind1=" " ind2=" ">
            <subfield code="a">Batch:1793</subfield>
        </datafield>
        <datafield tag="917" ind1=" " ind2=" ">
            <subfield code="a">issued</subfield>
        </datafield>
        <datafield tag="918" ind1="2" ind2=" ">
            <subfield code="a">Cambridge University Press</subfield>
            <subfield code="e">provider</subfield>
            <subfield code="5">DNAL</subfield>
        </datafield>
        <datafield tag="935" ind1=" " ind2=" ">
            <subfield code="a">IND605176513</subfield>
            <subfield code="9">ExL</subfield>
        </datafield>
        <datafield tag="949" ind1=" " ind2=" ">
            <subfield code="a">2020-08-31</subfield>
        </datafield>
        <datafield tag="953" ind1=" " ind2=" ">
            <subfield code="a">/data/metadata/incoming/cambridge/0266-4674_TRO_31_6.zip</subfield>
        </datafield>
        <datafield tag="954" ind1=" " ind2=" ">
            <subfield code="a"
                >file:/data/metadata/staging/cambridge/S0266467415000413.xml</subfield>
        </datafield>
        <datafield tag="955" ind1=" " ind2=" ">
            <subfield code="a">/data/metadata/staging/cambridge/</subfield>
        </datafield>
        <datafield tag="974" ind1=" " ind2=" ">
            <subfield code="a">agid:5176513</subfield>
        </datafield>
        <datafield tag="983" ind1=" " ind2=" ">
            <subfield code="a">2019-07-30</subfield>
        </datafield>
        <datafield tag="984" ind1=" " ind2=" ">
            <subfield code="a">2019-11-18</subfield>
        </datafield>
    </record>