
    <record>
        <leader>04460nab a2200661 u 4500</leader>
        <controlfield tag="001">9915810285707426</controlfield>
        <controlfield tag="005">20221120204643.0</controlfield>
        <controlfield tag="008">180619e201805 xx |||||o|||||||||||eng||</controlfield>
        <datafield tag="016" ind1="7" ind2=" ">
            <subfield code="a">IND605929734</subfield>
            <subfield code="2">DNAL</subfield>
        </datafield>
        <datafield tag="024" ind1="7" ind2=" ">
            <subfield code="a">10.1111/1365-2664.13069</subfield>
            <subfield code="2">doi</subfield>
        </datafield>
        <datafield tag="035" ind1=" " ind2=" ">
            <subfield code="a">agid:5929734-01nal_inst</subfield>
        </datafield>
        <datafield tag="040" ind1=" " ind2=" ">
            <subfield code="a">AGL</subfield>
            <subfield code="b">eng</subfield>
            <subfield code="c">AGL</subfield>
        </datafield>
        <datafield tag="100" ind1="1" ind2=" ">
            <subfield code="a">Pavageau, Charlotte</subfield>
            <subfield code="e">author</subfield>
            <subfield code="u">ETH Zürich, Zürich, Switzerland</subfield>
            <subfield code="1">http://orcid.org/0000-0003-3221-4372</subfield>
        </datafield>
        <datafield tag="245" ind1="1" ind2="0">
            <subfield code="a">Nesting sites of giant honeybees modulated by landscape
                patterns</subfield>
        </datafield>
        <datafield tag="300" ind1=" " ind2=" ">
            <subfield code="a">p. 1230-1240.</subfield>
        </datafield>
        <datafield tag="500" ind1=" " ind2=" ">
            <subfield code="a">JOURNAL ARTICLE</subfield>
        </datafield>
        <datafield tag="520" ind1=" " ind2=" ">
            <subfield code="a">The composition of agro‐ecological landscapes is thought to have
                important implications for the production of major crops through its effects on
                pollinator abundance and behaviour. We explored the roles of land cover and land
                cover heterogeneity on bee nest distribution for the giant honeybee Apis dorsata, a
                key species for coffee pollination, in a complex agroforest landscape. We emphasized
                scaling and non‐uniform effects by combining two different approaches of spatial
                analysis, the point‐pattern analysis and surface‐pattern analysis. We found
                non‐exclusive, positive effects of agroforests, forest fragments and land‐cover
                heterogeneity on the presence and number of nests. The distribution of nests
                responded to habitat heterogeneity at small scale (&lt;100 m), forest fragments at
                medium scale (&lt;300 m) and to agroforest at larger scales (500 m to 2 km). Our
                multiple approaches highlight that the landscape effects were neither linear nor
                uniform within the study zone. Nests were consistently located in areas of medium
                agroforest density or medium to high forest density, but were absent where forest
                fragments are the most concentrated. The agroforest matrix was particularly
                important in shaping the size of nest aggregates. Nests tended to be few when there
                is low tree cover at broad scale, while nests were numerous when agroforest patches
                are abundant within the bees’ foraging range. Synthesis and applications. Our study
                revealed that structurally complex landscapes appear to support bee populations. The
                spatial arrangement of different land covers affected honeybee nest distributions by
                providing nesting and foraging resources across multiple scales. The results suggest
                that continued intensification of small forest fragments and expansion of large
                monospecies plantations will be deleterious to the populations of giant honeybees A.
                dorsata. Fragmentation of the agroforestry matrix at small scales (100s m) does not,
                however, appear detrimental for A. dorsata as long as sufficient diversified
                resources are available at the landscape scale (kms).</subfield>
        </datafield>
        <datafield tag="592" ind1=" " ind2=" ">
            <subfield code="a">Publisher supplied data</subfield>
        </datafield>
        <datafield tag="593" ind1=" " ind2=" ">
            <subfield code="a">PubAg article</subfield>
        </datafield>
        <datafield tag="650" ind1=" " ind2="3">
            <subfield code="a">Apis dorsata</subfield>
        </datafield>
        <datafield tag="650" ind1=" " ind2="3">
            <subfield code="a">agroecology</subfield>
        </datafield>
        <datafield tag="650" ind1=" " ind2="3">
            <subfield code="a">agroforestry</subfield>
        </datafield>
        <datafield tag="650" ind1=" " ind2="3">
            <subfield code="a">crops</subfield>
        </datafield>
        <datafield tag="650" ind1=" " ind2="3">
            <subfield code="a">foraging</subfield>
        </datafield>
        <datafield tag="650" ind1=" " ind2="3">
            <subfield code="a">forests</subfield>
        </datafield>
        <datafield tag="650" ind1=" " ind2="3">
            <subfield code="a">habitat fragmentation</subfield>
        </datafield>
        <datafield tag="650" ind1=" " ind2="3">
            <subfield code="a">habitats</subfield>
        </datafield>
        <datafield tag="650" ind1=" " ind2="3">
            <subfield code="a">honey bees</subfield>
        </datafield>
        <datafield tag="650" ind1=" " ind2="3">
            <subfield code="a">land cover</subfield>
        </datafield>
        <datafield tag="650" ind1=" " ind2="3">
            <subfield code="a">landscapes</subfield>
        </datafield>
        <datafield tag="650" ind1=" " ind2="3">
            <subfield code="a">nesting</subfield>
        </datafield>
        <datafield tag="650" ind1=" " ind2="3">
            <subfield code="a">nesting sites</subfield>
        </datafield>
        <datafield tag="650" ind1=" " ind2="3">
            <subfield code="a">plantations</subfield>
        </datafield>
        <datafield tag="650" ind1=" " ind2="3">
            <subfield code="a">pollination</subfield>
        </datafield>
        <datafield tag="650" ind1=" " ind2="3">
            <subfield code="a">pollinators</subfield>
        </datafield>
        <datafield tag="650" ind1=" " ind2="3">
            <subfield code="a">trees</subfield>
        </datafield>
        <datafield tag="700" ind1="1" ind2=" ">
            <subfield code="a">Gaucherel, Cédric</subfield>
            <subfield code="e">author</subfield>
            <subfield code="u">AMAP, INRA, CIRAD, CNRS, IRD, Université Montpellier, Montpellier,
                France</subfield>
        </datafield>
        <datafield tag="700" ind1="1" ind2=" ">
            <subfield code="a">Garcia, Claude</subfield>
            <subfield code="e">author</subfield>
            <subfield code="u">ETH Zürich, Zürich, Switzerland</subfield>
        </datafield>
        <datafield tag="700" ind1="1" ind2=" ">
            <subfield code="a">Ghazoul, Jaboury</subfield>
            <subfield code="e">author</subfield>
            <subfield code="u">ETH Zürich, Zürich, Switzerland</subfield>
        </datafield>
        <datafield tag="773" ind1="0" ind2=" ">
            <subfield code="t">Journal of applied ecology.</subfield>
            <subfield code="g">2018 May, v. 55, no. 3 p.1230-1240</subfield>
            <subfield code="d">John Wiley &amp; Sons, Ltd</subfield>
            <subfield code="w">Journal:jnl57298</subfield>
            <subfield code="x">0021-8901</subfield>
            <subfield code="7">nnas</subfield>
        </datafield>
        <datafield tag="787" ind1="1" ind2=" ">
            <subfield code="o">islandora_article_repository</subfield>
        </datafield>
        <datafield tag="787" ind1="1" ind2=" ">
            <subfield code="o">product_pubag</subfield>
        </datafield>
        <datafield tag="787" ind1="1" ind2=" ">
            <subfield code="o">(Journal)jnl57298</subfield>
        </datafield>
        <datafield tag="856" ind1="4" ind2="0">
            <subfield code="u">https://dx.doi.org/10.1111/1365-2664.13069</subfield>
            <subfield code="3">Available from publisher's site</subfield>
        </datafield>
        <datafield tag="912" ind1=" " ind2=" ">
            <subfield code="a">Article</subfield>
        </datafield>
        <datafield tag="914" ind1=" " ind2=" ">
            <subfield code="a">Journal:jnl57298</subfield>
            <subfield code="b">0021-8901</subfield>
            <subfield code="c">55</subfield>
            <subfield code="d">3</subfield>
            <subfield code="e">1230</subfield>
        </datafield>
        <datafield tag="914" ind1=" " ind2=" ">
            <subfield code="f">Journal of applied ecology</subfield>
        </datafield>
        <datafield tag="916" ind1=" " ind2=" ">
            <subfield code="a">Batch:1967</subfield>
        </datafield>
        <datafield tag="917" ind1=" " ind2=" ">
            <subfield code="a">issued</subfield>
        </datafield>
        <datafield tag="918" ind1="2" ind2=" ">
            <subfield code="a">John Wiley &amp; Sons, Inc</subfield>
            <subfield code="e">provider</subfield>
            <subfield code="5">DNAL</subfield>
        </datafield>
        <datafield tag="935" ind1=" " ind2=" ">
            <subfield code="a">IND605929734</subfield>
            <subfield code="9">ExL</subfield>
        </datafield>
        <datafield tag="949" ind1=" " ind2=" ">
            <subfield code="a">2018-06-19</subfield>
        </datafield>
        <datafield tag="953" ind1=" " ind2=" ">
            <subfield code="a">/data/metadata/incoming/wiley/00218901_2018_55_3.xml</subfield>
        </datafield>
        <datafield tag="954" ind1=" " ind2=" ">
            <subfield code="a">file:/data/metadata/staging/wiley/00218901_2018_55_3.xml</subfield>
        </datafield>
        <datafield tag="955" ind1=" " ind2=" ">
            <subfield code="a">/data/metadata/staging/wiley/</subfield>
        </datafield>
        <datafield tag="974" ind1=" " ind2=" ">
            <subfield code="a">agid:5929734</subfield>
        </datafield>
        <datafield tag="983" ind1=" " ind2=" ">
            <subfield code="a">2018-06-19</subfield>
        </datafield>
        <datafield tag="984" ind1=" " ind2=" ">
            <subfield code="a">2018-06-19</subfield>
        </datafield>
    </record>