
    <record>
        <leader>05842nab a2200649 u 4500</leader>
        <controlfield tag="001">9915810838707426</controlfield>
        <controlfield tag="005">20221121144714.0</controlfield>
        <controlfield tag="008">190803e201908 xx |||||o|||||||||||eng||</controlfield>
        <datafield tag="016" ind1="7" ind2=" ">
            <subfield code="a">IND606555567</subfield>
            <subfield code="2">DNAL</subfield>
        </datafield>
        <datafield tag="024" ind1="7" ind2=" ">
            <subfield code="a">10.1002/ecm.1362</subfield>
            <subfield code="2">doi</subfield>
        </datafield>
        <datafield tag="035" ind1=" " ind2=" ">
            <subfield code="a">agid:6555567-01nal_inst</subfield>
        </datafield>
        <datafield tag="040" ind1=" " ind2=" ">
            <subfield code="a">AGL</subfield>
            <subfield code="b">eng</subfield>
            <subfield code="c">AGL</subfield>
        </datafield>
        <datafield tag="100" ind1="1" ind2=" ">
            <subfield code="a">Lindenmayer, David B.</subfield>
            <subfield code="e">author</subfield>
            <subfield code="u">Fenner School of Environment and Society, The Australian National
                University, Acton, Australian Capital Territory, 2601, Australia</subfield>
        </datafield>
        <datafield tag="245" ind1="1" ind2="0">
            <subfield code="a">Novel bird responses to successive, large‐scale, landscape
                transformations</subfield>
        </datafield>
        <datafield tag="500" ind1=" " ind2=" ">
            <subfield code="a">JOURNAL ARTICLE</subfield>
        </datafield>
        <datafield tag="520" ind1=" " ind2=" ">
            <subfield code="a">Transformation of intact vegetation into new kinds and configurations
                of human‐modified habitats is a well‐established driver of biodiversity loss.
                Following initial conversion, many human‐dominated landscapes are then subject to
                further large‐scale changes in land use. The impacts on biodiversity of repeated
                changes in land use remain poorly known, particularly how changes in the matrix
                interact with initial patterns of vegetation clearing. We used an 18‐yr study of
                birds in remnant patches of endangered temperate woodland in south‐eastern Australia
                to quantify the spatial and temporal effects of successive land use transformation
                in the surrounding landscape. We examined bird response to (1) initial patterns of
                landscape modification (creating semi‐cleared grazing land dominated by pastures
                that surrounded remnant woodland patches), (2) subsequent establishment and
                maturation of exotic tree plantations on the pastures surrounding woodland patches,
                and (3) additive and interactive effects of both types of landscape transformation.
                The majority of the 57 bird species modeled responded to conversion of grazing land
                to exotic plantations, either independently from initial patterns of landscape
                transformation (20 species), or interactively (18 species) or additively (15
                species) with initial landscape transformation. The occurrence of only one species
                (the Common Bronzewing) was related to patterns of initial transformation but not
                subsequent transformation due to plantation establishment. Thus, despite many
                characteristics of the woodland patches within the plantation remaining largely
                unaltered throughout our 18‐yr investigation, the matrix had a profound effect on
                the kinds of species inhabiting them, with such impacts often magnified over time as
                the matrix continued to change. Plantation establishment triggered new
                regional‐level spatial processes with effects on birds detected in woodland patches
                up to 2 km away from the plantation. Matrix conversion selected for species with
                different traits (size, diet and movement patterns) compared to the initial
                transformation, suggesting it is acting as a different filter on the bird community.
                New kinds of landscape transformation (such as plantation establishment on
                previously cleared land) can radically affect the species that have persisted for
                many decades in previously modified landscapes. This highlights the challenges, but
                also opportunities, for conserving taxa in ever changing human‐dominated
                environments.</subfield>
        </datafield>
        <datafield tag="592" ind1=" " ind2=" ">
            <subfield code="a">Publisher supplied data</subfield>
        </datafield>
        <datafield tag="593" ind1=" " ind2=" ">
            <subfield code="a">PubAg article</subfield>
        </datafield>
        <datafield tag="650" ind1=" " ind2="3">
            <subfield code="a">biodiversity</subfield>
        </datafield>
        <datafield tag="650" ind1=" " ind2="3">
            <subfield code="a">birds</subfield>
        </datafield>
        <datafield tag="650" ind1=" " ind2="3">
            <subfield code="a">diet</subfield>
        </datafield>
        <datafield tag="650" ind1=" " ind2="3">
            <subfield code="a">grazing lands</subfield>
        </datafield>
        <datafield tag="650" ind1=" " ind2="3">
            <subfield code="a">habitats</subfield>
        </datafield>
        <datafield tag="650" ind1=" " ind2="3">
            <subfield code="a">land use</subfield>
        </datafield>
        <datafield tag="650" ind1=" " ind2="3">
            <subfield code="a">landscapes</subfield>
        </datafield>
        <datafield tag="650" ind1=" " ind2="3">
            <subfield code="a">pastures</subfield>
        </datafield>
        <datafield tag="650" ind1=" " ind2="3">
            <subfield code="a">plantations</subfield>
        </datafield>
        <datafield tag="650" ind1=" " ind2="3">
            <subfield code="a">woodlands</subfield>
        </datafield>
        <datafield tag="651" ind1=" " ind2="3">
            <subfield code="a">Australia</subfield>
        </datafield>
        <datafield tag="700" ind1="1" ind2=" ">
            <subfield code="a">Blanchard, Wade</subfield>
            <subfield code="e">author</subfield>
            <subfield code="u">Fenner School of Environment and Society, The Australian National
                University, Acton, Australian Capital Territory, 2601, Australia</subfield>
        </datafield>
        <datafield tag="700" ind1="1" ind2=" ">
            <subfield code="a">Westgate, Martin J.</subfield>
            <subfield code="e">author</subfield>
            <subfield code="u">Fenner School of Environment and Society, The Australian National
                University, Acton, Australian Capital Territory, 2601, Australia</subfield>
        </datafield>
        <datafield tag="700" ind1="1" ind2=" ">
            <subfield code="a">Foster, Claire</subfield>
            <subfield code="e">author</subfield>
            <subfield code="u">Fenner School of Environment and Society, The Australian National
                University, Acton, Australian Capital Territory, 2601, Australia</subfield>
        </datafield>
        <datafield tag="700" ind1="1" ind2=" ">
            <subfield code="a">Banks, Sam C.</subfield>
            <subfield code="e">author</subfield>
            <subfield code="u">Fenner School of Environment and Society, The Australian National
                University, Acton, Australian Capital Territory, 2601, Australia</subfield>
        </datafield>
        <datafield tag="700" ind1="1" ind2=" ">
            <subfield code="a">Barton, Philip</subfield>
            <subfield code="e">author</subfield>
            <subfield code="u">Fenner School of Environment and Society, The Australian National
                University, Acton, Australian Capital Territory, 2601, Australia</subfield>
        </datafield>
        <datafield tag="700" ind1="1" ind2=" ">
            <subfield code="a">Crane, Mason</subfield>
            <subfield code="e">author</subfield>
            <subfield code="u">Fenner School of Environment and Society, The Australian National
                University, Acton, Australian Capital Territory, 2601, Australia</subfield>
        </datafield>
        <datafield tag="700" ind1="1" ind2=" ">
            <subfield code="a">Ikin, Karen</subfield>
            <subfield code="e">author</subfield>
            <subfield code="u">Fenner School of Environment and Society, The Australian National
                University, Acton, Australian Capital Territory, 2601, Australia</subfield>
        </datafield>
        <datafield tag="700" ind1="1" ind2=" ">
            <subfield code="a">Scheele, Ben C.</subfield>
            <subfield code="e">author</subfield>
            <subfield code="u">Fenner School of Environment and Society, The Australian National
                University, Acton, Australian Capital Territory, 2601, Australia</subfield>
        </datafield>
        <datafield tag="773" ind1="0" ind2=" ">
            <subfield code="t">Ecological monographs.</subfield>
            <subfield code="g">2019 Aug., v. 89, no. 3 p.e01362-</subfield>
            <subfield code="d">John Wiley &amp; Sons, Ltd</subfield>
            <subfield code="w">Journal:19342</subfield>
            <subfield code="x">0012-9615</subfield>
            <subfield code="7">nnas</subfield>
        </datafield>
        <datafield tag="787" ind1="1" ind2=" ">
            <subfield code="o">islandora_article_repository</subfield>
        </datafield>
        <datafield tag="787" ind1="1" ind2=" ">
            <subfield code="o">product_pubag</subfield>
        </datafield>
        <datafield tag="787" ind1="1" ind2=" ">
            <subfield code="o">(Journal)19342</subfield>
        </datafield>
        <datafield tag="856" ind1="4" ind2="0">
            <subfield code="u">http://dx.doi.org/10.1002/ecm.1362</subfield>
            <subfield code="3">Available from publisher's site</subfield>
        </datafield>
        <datafield tag="912" ind1=" " ind2=" ">
            <subfield code="a">Article</subfield>
        </datafield>
        <datafield tag="914" ind1=" " ind2=" ">
            <subfield code="a">Journal:19342</subfield>
            <subfield code="b">0012-9615</subfield>
            <subfield code="c">89</subfield>
            <subfield code="d">3</subfield>
            <subfield code="e">e01362</subfield>
        </datafield>
        <datafield tag="914" ind1=" " ind2=" ">
            <subfield code="f">Ecological monographs</subfield>
        </datafield>
        <datafield tag="916" ind1=" " ind2=" ">
            <subfield code="a">Batch:2375</subfield>
        </datafield>
        <datafield tag="917" ind1=" " ind2=" ">
            <subfield code="a">issued</subfield>
        </datafield>
        <datafield tag="918" ind1="2" ind2=" ">
            <subfield code="a">John Wiley &amp; Sons, Inc</subfield>
            <subfield code="e">provider</subfield>
            <subfield code="5">DNAL</subfield>
        </datafield>
        <datafield tag="935" ind1=" " ind2=" ">
            <subfield code="a">IND606555567</subfield>
            <subfield code="9">ExL</subfield>
        </datafield>
        <datafield tag="949" ind1=" " ind2=" ">
            <subfield code="a">2019-12-18</subfield>
        </datafield>
        <datafield tag="953" ind1=" " ind2=" ">
            <subfield code="a">/data/metadata/incoming/wiley/00129615_2019_89_3.xml</subfield>
        </datafield>
        <datafield tag="954" ind1=" " ind2=" ">
            <subfield code="a">file:/data/metadata/staging/wiley/00129615_2019_89_3.xml</subfield>
        </datafield>
        <datafield tag="955" ind1=" " ind2=" ">
            <subfield code="a">/data/metadata/staging/wiley/</subfield>
        </datafield>
        <datafield tag="962" ind1=" " ind2=" ">
            <subfield code="a">Batch:2375 reviewed on 2019-12-18T11:00:04Z</subfield>
        </datafield>
        <datafield tag="974" ind1=" " ind2=" ">
            <subfield code="a">agid:6555567</subfield>
        </datafield>
        <datafield tag="983" ind1=" " ind2=" ">
            <subfield code="a">2019-08-03</subfield>
        </datafield>
        <datafield tag="984" ind1=" " ind2=" ">
            <subfield code="a">2019-12-18</subfield>
        </datafield>
    </record>