
    <record>
        <leader>04208nab a2200553 u 4500</leader>
        <controlfield tag="001">9915810975407426</controlfield>
        <controlfield tag="005">20221122163310.0</controlfield>
        <controlfield tag="008">190803e201908 xx |||||o|||||||||||eng||</controlfield>
        <datafield tag="016" ind1="7" ind2=" ">
            <subfield code="a">IND606555569</subfield>
            <subfield code="2">DNAL</subfield>
        </datafield>
        <datafield tag="024" ind1="7" ind2=" ">
            <subfield code="a">10.1002/ecm.1361</subfield>
            <subfield code="2">doi</subfield>
        </datafield>
        <datafield tag="035" ind1=" " ind2=" ">
            <subfield code="a">agid:6555569-01nal_inst</subfield>
        </datafield>
        <datafield tag="040" ind1=" " ind2=" ">
            <subfield code="a">AGL</subfield>
            <subfield code="b">eng</subfield>
            <subfield code="c">AGL</subfield>
        </datafield>
        <datafield tag="100" ind1="1" ind2=" ">
            <subfield code="a">Zvereva, Elena L.</subfield>
            <subfield code="e">author</subfield>
            <subfield code="u">Department of Biology, University of Turku, 20014, Turku,
                Finland</subfield>
        </datafield>
        <datafield tag="245" ind1="1" ind2="0">
            <subfield code="a">Biases in studies of spatial patterns in insect herbivory</subfield>
        </datafield>
        <datafield tag="500" ind1=" " ind2=" ">
            <subfield code="a">JOURNAL ARTICLE</subfield>
        </datafield>
        <datafield tag="520" ind1=" " ind2=" ">
            <subfield code="a">The properties of the human mind are responsible for a number of
                biases that affect the quality of scientific research. However, scientists working
                in the fields of ecology and environmental science rarely take these biases into
                account. We conducted a meta‐analysis of data extracted from 125 publications
                comparing woody plant damage by defoliating insects in different environments in
                order to understand the extent to which our knowledge on spatial patterns in
                herbivory is affected by various biases. We asked which research methods are most
                prone to biases and whether these biases lead to overestimation of the effects under
                study. The effect sizes (ESs) decreased with increases in the numbers of plant
                species involved in the study, with 61% lower ESs for herbivory estimated on all
                plants growing in study plots compared to herbivory on selected species. ESs also
                depended on the leaf sampling procedure: when all leaves from a tree or branch were
                sampled for measurements of herbivory or when random or systematic selection
                protocols were applied, ESs were 74% smaller than in cases of more subjective
                haphazard selection. In addition, ESs were 97% and 135% greater when the person
                conducting sampling and measuring was aware of the research hypothesis or sample
                origin, when compared with situations when the observer was blinded to these
                factors. The impacts of cognitive biases on the study outcomes significantly
                decreased with the increase in publication year; however, this pattern emerged
                mostly due to high‐ranked journals and was non‐significant for other journals. Using
                the studies of spatial patterns in herbivory as an example, we showed that our
                ecological and environmental knowledge is considerably biased due to an unconscious
                tendency of researchers to find support for their hypotheses and expectations, which
                generally leads to overestimation of the effects under study. Cognitive biases can
                be avoided by using different methods, such as applying randomization procedures in
                sampling and blinding of research hypotheses and sample origins. These measures
                should be seen as obligatory; otherwise, accumulation of the biased results in
                primary studies may ultimately lead to false general conclusions in subsequent
                research synthesis.</subfield>
        </datafield>
        <datafield tag="592" ind1=" " ind2=" ">
            <subfield code="a">Publisher supplied data</subfield>
        </datafield>
        <datafield tag="593" ind1=" " ind2=" ">
            <subfield code="a">PubAg article</subfield>
        </datafield>
        <datafield tag="650" ind1=" " ind2="3">
            <subfield code="a">cognition</subfield>
        </datafield>
        <datafield tag="650" ind1=" " ind2="3">
            <subfield code="a">defoliating insects</subfield>
        </datafield>
        <datafield tag="650" ind1=" " ind2="3">
            <subfield code="a">environmental knowledge</subfield>
        </datafield>
        <datafield tag="650" ind1=" " ind2="3">
            <subfield code="a">environmental science</subfield>
        </datafield>
        <datafield tag="650" ind1=" " ind2="3">
            <subfield code="a">humans</subfield>
        </datafield>
        <datafield tag="650" ind1=" " ind2="3">
            <subfield code="a">leaves</subfield>
        </datafield>
        <datafield tag="650" ind1=" " ind2="3">
            <subfield code="a">meta-analysis</subfield>
        </datafield>
        <datafield tag="650" ind1=" " ind2="3">
            <subfield code="a">plant damage</subfield>
        </datafield>
        <datafield tag="650" ind1=" " ind2="3">
            <subfield code="a">trees</subfield>
        </datafield>
        <datafield tag="650" ind1=" " ind2="3">
            <subfield code="a">woody plants</subfield>
        </datafield>
        <datafield tag="700" ind1="1" ind2=" ">
            <subfield code="a">Kozlov, Mikhail V.</subfield>
            <subfield code="e">author</subfield>
            <subfield code="u">Department of Biology, University of Turku, 20014, Turku,
                Finland</subfield>
        </datafield>
        <datafield tag="773" ind1="0" ind2=" ">
            <subfield code="t">Ecological monographs.</subfield>
            <subfield code="g">2019 Aug., v. 89, no. 3 p.e01361-</subfield>
            <subfield code="d">John Wiley &amp; Sons, Ltd</subfield>
            <subfield code="w">Journal:19342</subfield>
            <subfield code="x">0012-9615</subfield>
            <subfield code="7">nnas</subfield>
        </datafield>
        <datafield tag="787" ind1="1" ind2=" ">
            <subfield code="o">islandora_article_repository</subfield>
        </datafield>
        <datafield tag="787" ind1="1" ind2=" ">
            <subfield code="o">product_pubag</subfield>
        </datafield>
        <datafield tag="787" ind1="1" ind2=" ">
            <subfield code="o">(Journal)19342</subfield>
        </datafield>
        <datafield tag="856" ind1="4" ind2="0">
            <subfield code="u">http://dx.doi.org/10.1002/ecm.1361</subfield>
            <subfield code="3">Available from publisher's site</subfield>
        </datafield>
        <datafield tag="912" ind1=" " ind2=" ">
            <subfield code="a">Article</subfield>
        </datafield>
        <datafield tag="914" ind1=" " ind2=" ">
            <subfield code="a">Journal:19342</subfield>
            <subfield code="b">0012-9615</subfield>
            <subfield code="c">89</subfield>
            <subfield code="d">3</subfield>
            <subfield code="e">e01361</subfield>
        </datafield>
        <datafield tag="914" ind1=" " ind2=" ">
            <subfield code="f">Ecological monographs</subfield>
        </datafield>
        <datafield tag="916" ind1=" " ind2=" ">
            <subfield code="a">Batch:2375</subfield>
        </datafield>
        <datafield tag="917" ind1=" " ind2=" ">
            <subfield code="a">issued</subfield>
        </datafield>
        <datafield tag="918" ind1="2" ind2=" ">
            <subfield code="a">John Wiley &amp; Sons, Inc</subfield>
            <subfield code="e">provider</subfield>
            <subfield code="5">DNAL</subfield>
        </datafield>
        <datafield tag="935" ind1=" " ind2=" ">
            <subfield code="a">IND606555569</subfield>
            <subfield code="9">ExL</subfield>
        </datafield>
        <datafield tag="949" ind1=" " ind2=" ">
            <subfield code="a">2019-12-18</subfield>
        </datafield>
        <datafield tag="953" ind1=" " ind2=" ">
            <subfield code="a">/data/metadata/incoming/wiley/00129615_2019_89_3.xml</subfield>
        </datafield>
        <datafield tag="954" ind1=" " ind2=" ">
            <subfield code="a">file:/data/metadata/staging/wiley/00129615_2019_89_3.xml</subfield>
        </datafield>
        <datafield tag="955" ind1=" " ind2=" ">
            <subfield code="a">/data/metadata/staging/wiley/</subfield>
        </datafield>
        <datafield tag="962" ind1=" " ind2=" ">
            <subfield code="a">Batch:2375 reviewed on 2019-12-18T11:00:04Z</subfield>
        </datafield>
        <datafield tag="974" ind1=" " ind2=" ">
            <subfield code="a">agid:6555569</subfield>
        </datafield>
        <datafield tag="983" ind1=" " ind2=" ">
            <subfield code="a">2019-08-03</subfield>
        </datafield>
        <datafield tag="984" ind1=" " ind2=" ">
            <subfield code="a">2019-12-18</subfield>
        </datafield>
    </record>