
    <record>
        <leader>02906nab a2200613 u 4500</leader>
        <controlfield tag="001">9915811071507426</controlfield>
        <controlfield tag="005">20221120060848.0</controlfield>
        <controlfield tag="008">130926e200804 xx |||||o|||||||||||eng||</controlfield>
        <datafield tag="016" ind1="7" ind2=" ">
            <subfield code="a">IND44042550</subfield>
            <subfield code="2">DNAL</subfield>
        </datafield>
        <datafield tag="024" ind1="7" ind2=" ">
            <subfield code="a">18363663</subfield>
            <subfield code="2">pmid</subfield>
        </datafield>
        <datafield tag="024" ind1="7" ind2=" ">
            <subfield code="a">10.1111/j.1365-294X.2008.03728.x</subfield>
            <subfield code="2">doi</subfield>
        </datafield>
        <datafield tag="035" ind1=" " ind2=" ">
            <subfield code="a">agid:576356-01nal_inst</subfield>
        </datafield>
        <datafield tag="040" ind1=" " ind2=" ">
            <subfield code="a">AGL</subfield>
            <subfield code="b">eng</subfield>
            <subfield code="c">AGL</subfield>
        </datafield>
        <datafield tag="100" ind1="1" ind2=" ">
            <subfield code="a">DICK, CHRISTOPHER W.</subfield>
            <subfield code="e">author</subfield>
            <subfield code="u"> Department of Ecology and Evolutionary Biology and Herbarium,
                University of Michigan, 830 North University Avenue, Ann Arbor, MI 48109, USA,
                Smithsonian Tropical Research Institute, PO Box 0843–03092, Balboa Ancón, Republic
                of Panamá</subfield>
        </datafield>
        <datafield tag="245" ind1="1" ind2="0">
            <subfield code="a">New interpretations of fine‐scale spatial genetic
                structure</subfield>
        </datafield>
        <datafield tag="300" ind1=" " ind2=" ">
            <subfield code="a">p. 1873-1874.</subfield>
        </datafield>
        <datafield tag="500" ind1=" " ind2=" ">
            <subfield code="a">NEWS</subfield>
        </datafield>
        <datafield tag="520" ind1=" " ind2=" ">
            <subfield code="a">Recent methodological advances permit refined inferences of
                evolutionary processes from the fine-scale spatial genetic structure of plant
                populations. In this issue of Molecular Ecology, Born et al. (2008) exploit the full
                power of these methods by examining effects of ancient and recent landscape
                histories in an African rainforest tree species. The authors first detected
                admixture of distinct gene pools that may have formed in Pleistocene forest refuges.
                Then, comparing across six study populations in Gabon, the authors found similar
                patterns of fine-scale spatial genetic structure despite natural and anthropogenic
                variation in population density. The latter results suggest that enhanced gene
                dispersal may compensate for low population densities in fragmented
                landscapes.</subfield>
        </datafield>
        <datafield tag="592" ind1=" " ind2=" ">
            <subfield code="a">Publisher supplied data</subfield>
        </datafield>
        <datafield tag="593" ind1=" " ind2=" ">
            <subfield code="a">PubAg article</subfield>
        </datafield>
        <datafield tag="650" ind1=" " ind2="3">
            <subfield code="a">genes</subfield>
        </datafield>
        <datafield tag="650" ind1=" " ind2="3">
            <subfield code="a">landscapes</subfield>
        </datafield>
        <datafield tag="650" ind1=" " ind2="3">
            <subfield code="a">population density</subfield>
        </datafield>
        <datafield tag="650" ind1=" " ind2="3">
            <subfield code="a">population structure</subfield>
        </datafield>
        <datafield tag="650" ind1=" " ind2="3">
            <subfield code="a">rain forests</subfield>
        </datafield>
        <datafield tag="650" ind1=" " ind2="3">
            <subfield code="a">trees</subfield>
        </datafield>
        <datafield tag="650" ind1=" " ind2="2">
            <subfield code="a">Ecosystem</subfield>
        </datafield>
        <datafield tag="650" ind1=" " ind2="2">
            <subfield code="a">Gene Flow</subfield>
        </datafield>
        <datafield tag="650" ind1=" " ind2="2">
            <subfield code="a">Genetic Variation</subfield>
        </datafield>
        <datafield tag="650" ind1=" " ind2="2">
            <subfield code="a">Trees</subfield>
            <subfield code="x">genetics</subfield>
        </datafield>
        <datafield tag="651" ind1=" " ind2="3">
            <subfield code="a">Gabon</subfield>
        </datafield>
        <datafield tag="651" ind1=" " ind2="0">
            <subfield code="a">Gabon</subfield>
        </datafield>
        <datafield tag="773" ind1="0" ind2=" ">
            <subfield code="t">Molecular ecology.</subfield>
            <subfield code="g">2008 Apr., v. 17, no. 8 p.1873-1874</subfield>
            <subfield code="d">Blackwell Publishing Ltd</subfield>
            <subfield code="x">0962-1083</subfield>
            <subfield code="7">nnas</subfield>
        </datafield>
        <datafield tag="787" ind1="1" ind2=" ">
            <subfield code="o">islandora_article_repository</subfield>
        </datafield>
        <datafield tag="787" ind1="1" ind2=" ">
            <subfield code="o">product_pubag</subfield>
        </datafield>
        <datafield tag="787" ind1="1" ind2=" ">
            <subfield code="o">(Journal)jnl48811</subfield>
        </datafield>
        <datafield tag="856" ind1="4" ind2="0">
            <subfield code="u">http://dx.doi.org/10.1111/j.1365-294X.2008.03728.x</subfield>
        </datafield>
        <datafield tag="912" ind1=" " ind2=" ">
            <subfield code="a">Article</subfield>
        </datafield>
        <datafield tag="914" ind1=" " ind2=" ">
            <subfield code="a">Journal:jnl48811</subfield>
            <subfield code="b">0962-1083</subfield>
            <subfield code="c">17</subfield>
            <subfield code="d">8</subfield>
            <subfield code="e">1873</subfield>
        </datafield>
        <datafield tag="914" ind1=" " ind2=" ">
            <subfield code="f">Molecular ecology</subfield>
        </datafield>
        <datafield tag="917" ind1=" " ind2=" ">
            <subfield code="a">issued</subfield>
        </datafield>
        <datafield tag="918" ind1="2" ind2=" ">
            <subfield code="a">John Wiley &amp; Sons, Inc</subfield>
            <subfield code="e">provider</subfield>
            <subfield code="5">DNAL</subfield>
        </datafield>
        <datafield tag="935" ind1=" " ind2=" ">
            <subfield code="a">IND44042550</subfield>
            <subfield code="9">ExL</subfield>
        </datafield>
        <datafield tag="949" ind1=" " ind2=" ">
            <subfield code="a">2013-05-30</subfield>
        </datafield>
        <datafield tag="951" ind1=" " ind2=" ">
            <subfield code="a">2013-09-26</subfield>
        </datafield>
        <datafield tag="953" ind1=" " ind2=" ">
            <subfield code="a">09621083_2008_17_8.xml</subfield>
        </datafield>
        <datafield tag="962" ind1=" " ind2=" ">
            <subfield code="a">Batch:213 annotated on 2013-05-09T09:50:02Z</subfield>
        </datafield>
        <datafield tag="962" ind1=" " ind2=" ">
            <subfield code="a">Batch:213 reviewed on 2013-05-30T12:00:02Z</subfield>
        </datafield>
        <datafield tag="962" ind1=" " ind2=" ">
            <subfield code="a">Batch:213 reviewed on 2013-05-30T15:00:02Z</subfield>
        </datafield>
        <datafield tag="962" ind1=" " ind2=" ">
            <subfield code="a">Batch:213 reviewed on 2013-05-30T16:00:02Z</subfield>
        </datafield>
        <datafield tag="974" ind1=" " ind2=" ">
            <subfield code="a">agid:576356</subfield>
        </datafield>
        <datafield tag="983" ind1=" " ind2=" ">
            <subfield code="a">2013-09-26</subfield>
        </datafield>
        <datafield tag="984" ind1=" " ind2=" ">
            <subfield code="a">2013-09-26</subfield>
        </datafield>
        <datafield tag="986" ind1=" " ind2=" ">
            <subfield code="a">4042550</subfield>
        </datafield>
    </record>