
    <record>
        <leader>03956nab a2200673 u 4500</leader>
        <controlfield tag="001">9915811439407426</controlfield>
        <controlfield tag="005">20221123022154.0</controlfield>
        <controlfield tag="008">180711e20150915xx |||||o|||||||||||eng||</controlfield>
        <datafield tag="016" ind1="7" ind2=" ">
            <subfield code="a">IND606027189</subfield>
            <subfield code="2">DNAL</subfield>
        </datafield>
        <datafield tag="024" ind1="7" ind2=" ">
            <subfield code="a">10.1016/j.geomorph.2015.04.030</subfield>
            <subfield code="2">doi</subfield>
        </datafield>
        <datafield tag="035" ind1=" " ind2=" ">
            <subfield code="a">agid:6027189-01nal_inst</subfield>
        </datafield>
        <datafield tag="040" ind1=" " ind2=" ">
            <subfield code="a">AGL</subfield>
            <subfield code="b">eng</subfield>
            <subfield code="c">AGL</subfield>
        </datafield>
        <datafield tag="100" ind1="1" ind2=" ">
            <subfield code="a">Trappmann, Daniel</subfield>
            <subfield code="e">author</subfield>
            <subfield code="u">Dendrolab.ch, Institute of Geological Sciences, University of Bern,
                Baltzerstrasse 1+3, CH-3012 Bern, Switzerland</subfield>
        </datafield>
        <datafield tag="245" ind1="1" ind2="0">
            <subfield code="a">Visual dating of rockfall scars in Larix decidua trees</subfield>
        </datafield>
        <datafield tag="300" ind1=" " ind2=" ">
            <subfield code="a">p. 62-72.</subfield>
        </datafield>
        <datafield tag="520" ind1=" " ind2=" ">
            <subfield code="a">Dating past mass wasting with growth disturbances in trees is widely
                used in geochronology as the approach may yield dates of past process activity with
                up to subannual precision. Past work commonly focused on the extraction of increment
                cores, wedges, or stem cross sections. However, sampling has been shown to be
                constrained by sampling permissions, and the analysis of tree-ring samples requires
                considerable temporal efforts. To compensate for these shortcomings, we explore the
                potential of visual inspection of wound appearance for dating purposes. Based on a
                data set of 217 wood-penetrating wounds of known age inflicted to European larch
                (Larix decidua Mill.) by rockfall activity, we develop guidelines for the visual,
                noninvasive dating of wounds including (i) the counting of bark rings, (ii) a visual
                assessment of exposed wood and wound bark characteristics (such as the color and
                weathering status of wounds), and (iii) the relationship between wound age and tree
                diameter. A characterization of wounds based on photographs, randomly selected from
                the data set, reveals that young wounds typically can be dated with high precision,
                whereas dating errors gradually increase with increasing wound age. While visual
                dating does not reach the precision of dendrochronological dating, we clearly
                demonstrate that spatial patterns of and differences in rockfall activity can be
                reconstructed with both approaches. The introduction of visual dating approaches
                will facilitate fieldwork, especially in applied research, assist the conventional
                interpretation of tree-ring signals, and allow the reconstruction of geomorphic
                processes with considerably fewer temporal and financial efforts.</subfield>
        </datafield>
        <datafield tag="592" ind1=" " ind2=" ">
            <subfield code="a">Publisher supplied data</subfield>
        </datafield>
        <datafield tag="593" ind1=" " ind2=" ">
            <subfield code="a">PubAg article</subfield>
        </datafield>
        <datafield tag="650" ind1=" " ind2="3">
            <subfield code="a">Larix decidua</subfield>
        </datafield>
        <datafield tag="650" ind1=" " ind2="3">
            <subfield code="a">applied research</subfield>
        </datafield>
        <datafield tag="650" ind1=" " ind2="3">
            <subfield code="a">bark</subfield>
        </datafield>
        <datafield tag="650" ind1=" " ind2="3">
            <subfield code="a">color</subfield>
        </datafield>
        <datafield tag="650" ind1=" " ind2="3">
            <subfield code="a">data collection</subfield>
        </datafield>
        <datafield tag="650" ind1=" " ind2="3">
            <subfield code="a">dendrochronology</subfield>
        </datafield>
        <datafield tag="650" ind1=" " ind2="3">
            <subfield code="a">growth rings</subfield>
        </datafield>
        <datafield tag="650" ind1=" " ind2="3">
            <subfield code="a">guidelines</subfield>
        </datafield>
        <datafield tag="650" ind1=" " ind2="3">
            <subfield code="a">photographs</subfield>
        </datafield>
        <datafield tag="650" ind1=" " ind2="3">
            <subfield code="a">rockfalls</subfield>
        </datafield>
        <datafield tag="650" ind1=" " ind2="3">
            <subfield code="a">sampling</subfield>
        </datafield>
        <datafield tag="650" ind1=" " ind2="3">
            <subfield code="a">tree and stand measurements</subfield>
        </datafield>
        <datafield tag="650" ind1=" " ind2="3">
            <subfield code="a">tree damage</subfield>
        </datafield>
        <datafield tag="650" ind1=" " ind2="3">
            <subfield code="a">trees</subfield>
        </datafield>
        <datafield tag="650" ind1=" " ind2="3">
            <subfield code="a">weathering</subfield>
        </datafield>
        <datafield tag="650" ind1=" " ind2="3">
            <subfield code="a">wood</subfield>
        </datafield>
        <datafield tag="653" ind1=" " ind2="0">
            <subfield code="a">Rockfall</subfield>
        </datafield>
        <datafield tag="653" ind1=" " ind2="0">
            <subfield code="a">Scars</subfield>
        </datafield>
        <datafield tag="653" ind1=" " ind2="0">
            <subfield code="a">Tree rings</subfield>
        </datafield>
        <datafield tag="653" ind1=" " ind2="0">
            <subfield code="a">Dendrogeomorphology</subfield>
        </datafield>
        <datafield tag="700" ind1="1" ind2=" ">
            <subfield code="a">Stoffel, Markus</subfield>
            <subfield code="e">author</subfield>
            <subfield code="u">Dendrolab.ch, Institute of Geological Sciences, University of Bern,
                Baltzerstrasse 1+3, CH-3012 Bern, Switzerland</subfield>
        </datafield>
        <datafield tag="773" ind1="0" ind2=" ">
            <subfield code="t">Geomorphology.</subfield>
            <subfield code="g">2015 Sept. 15, v. 245 p.62-72</subfield>
            <subfield code="d">Elsevier B.V.</subfield>
            <subfield code="w">Journal:12407</subfield>
            <subfield code="x">0169-555X</subfield>
            <subfield code="7">nnas</subfield>
        </datafield>
        <datafield tag="787" ind1="1" ind2=" ">
            <subfield code="o">islandora_article_repository</subfield>
        </datafield>
        <datafield tag="787" ind1="1" ind2=" ">
            <subfield code="o">product_pubag</subfield>
        </datafield>
        <datafield tag="787" ind1="1" ind2=" ">
            <subfield code="o">(Journal)12407</subfield>
        </datafield>
        <datafield tag="856" ind1="4" ind2="0">
            <subfield code="u">http://dx.doi.org/10.1016/j.geomorph.2015.04.030</subfield>
            <subfield code="3">Available from publisher's site</subfield>
        </datafield>
        <datafield tag="912" ind1=" " ind2=" ">
            <subfield code="a">Article</subfield>
        </datafield>
        <datafield tag="914" ind1=" " ind2=" ">
            <subfield code="a">Journal:12407</subfield>
            <subfield code="b">0169-555X</subfield>
            <subfield code="c">245</subfield>
            <subfield code="e">62</subfield>
        </datafield>
        <datafield tag="914" ind1=" " ind2=" ">
            <subfield code="f">Geomorphology</subfield>
        </datafield>
        <datafield tag="916" ind1=" " ind2=" ">
            <subfield code="a">Batch:2050</subfield>
        </datafield>
        <datafield tag="917" ind1=" " ind2=" ">
            <subfield code="a">issued</subfield>
        </datafield>
        <datafield tag="918" ind1="2" ind2=" ">
            <subfield code="a">Elsevier Consyn</subfield>
            <subfield code="e">provider</subfield>
            <subfield code="5">DNAL</subfield>
        </datafield>
        <datafield tag="935" ind1=" " ind2=" ">
            <subfield code="a">IND606027189</subfield>
            <subfield code="9">ExL</subfield>
        </datafield>
        <datafield tag="949" ind1=" " ind2=" ">
            <subfield code="a">2018-08-27</subfield>
        </datafield>
        <datafield tag="953" ind1=" " ind2=" ">
            <subfield code="a">/data/metadata/incoming/consyn/20-2-00029-HEAD-ONLY.zip</subfield>
        </datafield>
        <datafield tag="954" ind1=" " ind2=" ">
            <subfield code="a">file:/data/metadata/staging/consyn/S0169555X15002500.xml</subfield>
        </datafield>
        <datafield tag="955" ind1=" " ind2=" ">
            <subfield code="a">/data/metadata/staging/consyn/</subfield>
        </datafield>
        <datafield tag="962" ind1=" " ind2=" ">
            <subfield code="a">Batch:2050 reviewed on 2018-08-27T09:00:02Z</subfield>
        </datafield>
        <datafield tag="974" ind1=" " ind2=" ">
            <subfield code="a">agid:6027189</subfield>
        </datafield>
        <datafield tag="983" ind1=" " ind2=" ">
            <subfield code="a">2018-07-11</subfield>
        </datafield>
        <datafield tag="984" ind1=" " ind2=" ">
            <subfield code="a">2018-08-27</subfield>
        </datafield>
    </record>