
    <record>
        <leader>03939nab a2200661 u 4500</leader>
        <controlfield tag="001">9915811524607426</controlfield>
        <controlfield tag="005">20221120082205.0</controlfield>
        <controlfield tag="008">170119e20170102xx |||||o|||||||||||eng||</controlfield>
        <datafield tag="016" ind1="7" ind2=" ">
            <subfield code="a">IND605616053</subfield>
            <subfield code="2">DNAL</subfield>
        </datafield>
        <datafield tag="024" ind1="7" ind2=" ">
            <subfield code="a">10.1080/10256016.2016.1206093</subfield>
            <subfield code="2">doi</subfield>
        </datafield>
        <datafield tag="035" ind1=" " ind2=" ">
            <subfield code="a">agid:5616053-01nal_inst</subfield>
        </datafield>
        <datafield tag="040" ind1=" " ind2=" ">
            <subfield code="a">AGL</subfield>
            <subfield code="b">eng</subfield>
            <subfield code="c">AGL</subfield>
        </datafield>
        <datafield tag="100" ind1="1" ind2=" ">
            <subfield code="a">Fujiyoshi, Lei</subfield>
            <subfield code="e">author</subfield>
            <subfield code="u">Graduate School of Environmental Science, Hokkaido University,
                Sapporo, Japan</subfield>
        </datafield>
        <datafield tag="245" ind1="1" ind2="0">
            <subfield code="a">Spatial variations in larch needle and soil δ15N at a
                forest–grassland boundary in northern Mongolia</subfield>
        </datafield>
        <datafield tag="300" ind1=" " ind2=" ">
            <subfield code="a">p. 54-69.</subfield>
        </datafield>
        <datafield tag="520" ind1=" " ind2=" ">
            <subfield code="a">The spatial patterns of plant and soil δ ¹⁵N and associated processes
                in the N cycle were investigated at a forest–grassland boundary in northern
                Mongolia. Needles of Larix sibirica Ledeb. and soils collected from two study areas
                were analysed to calculate the differences in δ ¹⁵N between needle and soil (Δδ
                ¹⁵N). Δδ ¹⁵N showed a clear variation, ranging from −8 ‰ in the forest to −2 ‰ in
                the grassland boundary, and corresponded to the accumulation of organic layer. In
                the forest, the separation of available N produced in the soil with ¹⁵N-depleted N
                uptake by larch and ¹⁵N-enriched N immobilization by microorganisms was proposed to
                cause large Δδ ¹⁵N, whereas in the grassland boundary, small Δδ ¹⁵N was explained by
                the transport of the most available N into larch. The divergence of available N
                between larch and microorganisms in the soil, and the accumulation of diverged N in
                the organic layer control the variation in Δδ ¹⁵N.</subfield>
        </datafield>
        <datafield tag="592" ind1=" " ind2=" ">
            <subfield code="a">Publisher supplied data</subfield>
        </datafield>
        <datafield tag="593" ind1=" " ind2=" ">
            <subfield code="a">PubAg article</subfield>
        </datafield>
        <datafield tag="650" ind1=" " ind2="3">
            <subfield code="a">Larix sibirica</subfield>
        </datafield>
        <datafield tag="650" ind1=" " ind2="3">
            <subfield code="a">forests</subfield>
        </datafield>
        <datafield tag="650" ind1=" " ind2="3">
            <subfield code="a">grasslands</subfield>
        </datafield>
        <datafield tag="650" ind1=" " ind2="3">
            <subfield code="a">nitrogen</subfield>
        </datafield>
        <datafield tag="650" ind1=" " ind2="3">
            <subfield code="a">soil</subfield>
        </datafield>
        <datafield tag="650" ind1=" " ind2="3">
            <subfield code="a">soil microorganisms</subfield>
        </datafield>
        <datafield tag="650" ind1=" " ind2="3">
            <subfield code="a">stable isotopes</subfield>
        </datafield>
        <datafield tag="651" ind1=" " ind2="3">
            <subfield code="a">Mongolia</subfield>
        </datafield>
        <datafield tag="653" ind1=" " ind2="0">
            <subfield code="a">Carbon-13</subfield>
        </datafield>
        <datafield tag="653" ind1=" " ind2="0">
            <subfield code="a">forest</subfield>
        </datafield>
        <datafield tag="653" ind1=" " ind2="0">
            <subfield code="a">grassland</subfield>
        </datafield>
        <datafield tag="653" ind1=" " ind2="0">
            <subfield code="a">isotope ecology</subfield>
        </datafield>
        <datafield tag="653" ind1=" " ind2="0">
            <subfield code="a">nitrogen cycle</subfield>
        </datafield>
        <datafield tag="653" ind1=" " ind2="0">
            <subfield code="a">nitrogen-15</subfield>
        </datafield>
        <datafield tag="653" ind1=" " ind2="0">
            <subfield code="a">tree</subfield>
        </datafield>
        <datafield tag="700" ind1="1" ind2=" ">
            <subfield code="a">Sugimoto, Atsuko</subfield>
            <subfield code="e">author</subfield>
            <subfield code="u">Graduate School of Environmental Science, Hokkaido University,
                Sapporo, Japan</subfield>
        </datafield>
        <datafield tag="700" ind1="1" ind2=" ">
            <subfield code="a">Tsukuura, Akemi</subfield>
            <subfield code="e">author</subfield>
            <subfield code="u">Graduate School of Environmental Science, Hokkaido University,
                Sapporo, Japan</subfield>
        </datafield>
        <datafield tag="700" ind1="1" ind2=" ">
            <subfield code="a">Kitayama, Asami</subfield>
            <subfield code="e">author</subfield>
            <subfield code="u">Graduate School of Environmental Science, Hokkaido University,
                Sapporo, Japan</subfield>
        </datafield>
        <datafield tag="700" ind1="1" ind2=" ">
            <subfield code="a">Lopez Caceres, M. Larry</subfield>
            <subfield code="e">author</subfield>
            <subfield code="u">Faculty of Agriculture, Yamagata University, Tsuruoka,
                Japan</subfield>
        </datafield>
        <datafield tag="700" ind1="1" ind2=" ">
            <subfield code="a">Mijidsuren, Byambasuren</subfield>
            <subfield code="e">author</subfield>
            <subfield code="u">Plant Protection Research Institute, Mongolian University of Life
                Sciences, Ulaanbaatar, Mongolia</subfield>
        </datafield>
        <datafield tag="700" ind1="1" ind2=" ">
            <subfield code="a">Saraadanbazar, Ariunaa</subfield>
            <subfield code="e">author</subfield>
            <subfield code="u">Plant Protection Research Institute, Mongolian University of Life
                Sciences, Ulaanbaatar, Mongolia</subfield>
        </datafield>
        <datafield tag="700" ind1="1" ind2=" ">
            <subfield code="a">Tsujimura, Maki</subfield>
            <subfield code="e">author</subfield>
            <subfield code="u">Faculty of Life and Environmental Sciences, University of Tsukuba,
                Tsukuba, Japan</subfield>
        </datafield>
        <datafield tag="773" ind1="0" ind2=" ">
            <subfield code="t">Isotopes in Environmental and Health Studies.</subfield>
            <subfield code="g">2017 Jan. 2, v. 53, no. 1 p.54-69</subfield>
            <subfield code="d">Taylor &amp; Francis</subfield>
            <subfield code="x">1477-2639</subfield>
            <subfield code="7">nnas</subfield>
        </datafield>
        <datafield tag="787" ind1="1" ind2=" ">
            <subfield code="o">islandora_article_repository</subfield>
        </datafield>
        <datafield tag="787" ind1="1" ind2=" ">
            <subfield code="o">product_pubag</subfield>
        </datafield>
        <datafield tag="787" ind1="1" ind2=" ">
            <subfield code="o">(Journal)12222</subfield>
        </datafield>
        <datafield tag="856" ind1="4" ind2="0">
            <subfield code="u">http://dx.doi.org/10.1080/10256016.2016.1206093</subfield>
            <subfield code="3">Available from publisher's site</subfield>
        </datafield>
        <datafield tag="912" ind1=" " ind2=" ">
            <subfield code="a">Article</subfield>
        </datafield>
        <datafield tag="914" ind1=" " ind2=" ">
            <subfield code="a">Journal:12222</subfield>
            <subfield code="b">1477-2639</subfield>
            <subfield code="c">53</subfield>
            <subfield code="d">1</subfield>
            <subfield code="e">54</subfield>
        </datafield>
        <datafield tag="914" ind1=" " ind2=" ">
            <subfield code="f">Isotopes in Environmental and Health Studies</subfield>
        </datafield>
        <datafield tag="916" ind1=" " ind2=" ">
            <subfield code="a">Batch:1570</subfield>
        </datafield>
        <datafield tag="917" ind1=" " ind2=" ">
            <subfield code="a">issued</subfield>
        </datafield>
        <datafield tag="918" ind1="2" ind2=" ">
            <subfield code="a">Taylor &amp; Francis Group</subfield>
            <subfield code="e">provider</subfield>
            <subfield code="5">DNAL</subfield>
        </datafield>
        <datafield tag="935" ind1=" " ind2=" ">
            <subfield code="a">IND605616053</subfield>
            <subfield code="9">ExL</subfield>
        </datafield>
        <datafield tag="949" ind1=" " ind2=" ">
            <subfield code="a">2017-03-21</subfield>
        </datafield>
        <datafield tag="953" ind1=" " ind2=" ">
            <subfield code="a">gieh20_gieh20.v053.i01_20170119021547#9124581.zip</subfield>
        </datafield>
        <datafield tag="962" ind1=" " ind2=" ">
            <subfield code="a">Batch:1570 reviewed on 2017-03-21T11:00:03Z</subfield>
        </datafield>
        <datafield tag="974" ind1=" " ind2=" ">
            <subfield code="a">agid:5616053</subfield>
        </datafield>
        <datafield tag="983" ind1=" " ind2=" ">
            <subfield code="a">2017-01-19</subfield>
        </datafield>
        <datafield tag="984" ind1=" " ind2=" ">
            <subfield code="a">2017-03-21</subfield>
        </datafield>
    </record>