
    <record>
        <leader>04085nab a2200733 u 4500</leader>
        <controlfield tag="001">9915812012907426</controlfield>
        <controlfield tag="005">20221120163622.0</controlfield>
        <controlfield tag="008">210417e200505 xx |||||o|||||||||||eng||</controlfield>
        <datafield tag="016" ind1="7" ind2=" ">
            <subfield code="a">IND43693641</subfield>
            <subfield code="2">DNAL</subfield>
        </datafield>
        <datafield tag="024" ind1="7" ind2=" ">
            <subfield code="a">10113/26376</subfield>
            <subfield code="2">hdl</subfield>
        </datafield>
        <datafield tag="024" ind1="7" ind2=" ">
            <subfield code="a">15819924</subfield>
            <subfield code="2">pmid</subfield>
        </datafield>
        <datafield tag="024" ind1="7" ind2=" ">
            <subfield code="a">10.1111/j.1469-8137.2005.01354.x</subfield>
            <subfield code="2">doi</subfield>
        </datafield>
        <datafield tag="035" ind1=" " ind2=" ">
            <subfield code="a">agid:26376-01nal_inst</subfield>
        </datafield>
        <datafield tag="040" ind1=" " ind2=" ">
            <subfield code="a">AGL</subfield>
            <subfield code="b">eng</subfield>
            <subfield code="c">AGL</subfield>
        </datafield>
        <datafield tag="100" ind1="1" ind2=" ">
            <subfield code="a">Izzo, Antonio</subfield>
            <subfield code="e">author</subfield>
            <subfield code="u">Present address: USDA – Agricultural Research Service, Tree Fruit
                Laboratory, 1104 N. Western Ave, Wenatchee, WA 98801, USA</subfield>
        </datafield>
        <datafield tag="245" ind1="1" ind2="0">
            <subfield code="a">Detection of plot‐level changes in ectomycorrhizal communities across
                years in an old‐growth mixed‐conifer forest</subfield>
        </datafield>
        <datafield tag="300" ind1=" " ind2=" ">
            <subfield code="a">p. 619-630.</subfield>
        </datafield>
        <datafield tag="500" ind1=" " ind2=" ">
            <subfield code="a">JOURNAL ARTICLE</subfield>
        </datafield>
        <datafield tag="520" ind1=" " ind2=" ">
            <subfield code="a">• Understanding spatial and temporal patterns present in
                ectomycorrhizal fungal community structure is critical to understanding both the
                scale and duration of the potential impact these fungi have on the plant community.
                While recent studies consider the spatial structure of ectomycorrhizal communities,
                few studies consider how this changes over time. • Ectomycorrhizal root biomass and
                the similarity of community composition were measured at scales up to 20 cm
                replicated in nine plots and over 3 yr. Soil cores were additionally stratified into
                three depths. • Annual occurrence of the dominant ectomycorrhizal species was
                constant at larger spatial scales but varied more across years at a fine spatial
                scale. Turnover of ectomycorrhizal species between years was observed frequently at
                scales &lt; 20 cm. The ectomycorrhizal community within a plot was more similar
                across years than it was to other plots sampled in the same year. • Our results
                demonstrate the dynamic nature of the ectomycorrhizal community even in the absence
                of large‐scale disturbances. The potential role of root turnover and drought stress
                is discussed.</subfield>
        </datafield>
        <datafield tag="592" ind1=" " ind2=" ">
            <subfield code="a">Publisher supplied data</subfield>
        </datafield>
        <datafield tag="593" ind1=" " ind2=" ">
            <subfield code="a">PubAg article</subfield>
        </datafield>
        <datafield tag="593" ind1=" " ind2=" ">
            <subfield code="c">USDA submission</subfield>
        </datafield>
        <datafield tag="650" ind1=" " ind2="3">
            <subfield code="a">Calocedrus decurrens</subfield>
        </datafield>
        <datafield tag="650" ind1=" " ind2="3">
            <subfield code="a">mycorrhizal fungi</subfield>
        </datafield>
        <datafield tag="650" ind1=" " ind2="3">
            <subfield code="a">ectomycorrhizae</subfield>
        </datafield>
        <datafield tag="650" ind1=" " ind2="3">
            <subfield code="a">conifers</subfield>
        </datafield>
        <datafield tag="650" ind1=" " ind2="3">
            <subfield code="a">Abies concolor</subfield>
        </datafield>
        <datafield tag="650" ind1=" " ind2="3">
            <subfield code="a">Abies magnifica</subfield>
        </datafield>
        <datafield tag="650" ind1=" " ind2="3">
            <subfield code="a">Pinus jeffreyi</subfield>
        </datafield>
        <datafield tag="650" ind1=" " ind2="3">
            <subfield code="a">Pinus lambertiana</subfield>
        </datafield>
        <datafield tag="650" ind1=" " ind2="2">
            <subfield code="a">Biomass</subfield>
        </datafield>
        <datafield tag="650" ind1=" " ind2="2">
            <subfield code="a">Coniferophyta</subfield>
            <subfield code="x">microbiology</subfield>
        </datafield>
        <datafield tag="650" ind1=" " ind2="2">
            <subfield code="a">Mycorrhizae</subfield>
            <subfield code="x">classification</subfield>
            <subfield code="x">physiology</subfield>
        </datafield>
        <datafield tag="650" ind1=" " ind2="2">
            <subfield code="a">Plant Roots</subfield>
            <subfield code="x">physiology</subfield>
        </datafield>
        <datafield tag="650" ind1=" " ind2="2">
            <subfield code="a">Population Dynamics</subfield>
        </datafield>
        <datafield tag="650" ind1=" " ind2="2">
            <subfield code="a">Soil Microbiology</subfield>
        </datafield>
        <datafield tag="650" ind1=" " ind2="2">
            <subfield code="a">Time Factors</subfield>
        </datafield>
        <datafield tag="650" ind1=" " ind2="2">
            <subfield code="a">Trees</subfield>
            <subfield code="x">microbiology</subfield>
        </datafield>
        <datafield tag="651" ind1=" " ind2="3">
            <subfield code="a">California</subfield>
        </datafield>
        <datafield tag="700" ind1="1" ind2=" ">
            <subfield code="a">Agbowo, Josephine</subfield>
            <subfield code="e">author</subfield>
            <subfield code="u">University of California at Berkeley, Department of Plant and
                Microbial Biology, 321 Koshland Hall, Berkeley, CA, 94720–3102;</subfield>
        </datafield>
        <datafield tag="700" ind1="1" ind2=" ">
            <subfield code="a">Bruns, Thomas D.</subfield>
            <subfield code="e">author</subfield>
            <subfield code="u">University of California at Berkeley, Department of Plant and
                Microbial Biology, 321 Koshland Hall, Berkeley, CA, 94720–3102;</subfield>
        </datafield>
        <datafield tag="773" ind1="0" ind2=" ">
            <subfield code="t">new phytologist.</subfield>
            <subfield code="g">2005 May, v. 166, no. 2 p.619-630</subfield>
            <subfield code="d">Blackwell Science Ltd</subfield>
            <subfield code="w">Journal:jnl44665</subfield>
            <subfield code="x">0028-646X</subfield>
            <subfield code="7">nnas</subfield>
        </datafield>
        <datafield tag="787" ind1="1" ind2=" ">
            <subfield code="o">product_pubag</subfield>
        </datafield>
        <datafield tag="787" ind1="1" ind2=" ">
            <subfield code="o">islandora_article_repository</subfield>
        </datafield>
        <datafield tag="787" ind1="1" ind2=" ">
            <subfield code="o">islandora_pubag_with_text</subfield>
        </datafield>
        <datafield tag="787" ind1="1" ind2=" ">
            <subfield code="o">(Journal)jnl44665</subfield>
        </datafield>
        <datafield tag="852" ind1=" " ind2=" ">
            <subfield code="a">DNAL</subfield>
        </datafield>
        <datafield tag="856" ind1="4" ind2="0">
            <subfield code="u">https://handle.nal.usda.gov/10113/26376</subfield>
            <subfield code="3">Available in the National Agricultural Library PubAg search
                system</subfield>
        </datafield>
        <datafield tag="856" ind1="4" ind2="0">
            <subfield code="u">http://dx.doi.org/10.1111/j.1469-8137.2005.01354.x</subfield>
            <subfield code="3">Available from publisher's site</subfield>
        </datafield>
        <datafield tag="912" ind1=" " ind2=" ">
            <subfield code="a">Article</subfield>
        </datafield>
        <datafield tag="914" ind1=" " ind2=" ">
            <subfield code="a">Journal:jnl44665</subfield>
            <subfield code="b">0028-646X</subfield>
            <subfield code="c">166</subfield>
            <subfield code="d">2</subfield>
            <subfield code="e">619</subfield>
        </datafield>
        <datafield tag="914" ind1=" " ind2=" ">
            <subfield code="f">new phytologist</subfield>
        </datafield>
        <datafield tag="917" ind1=" " ind2=" ">
            <subfield code="a">issued</subfield>
        </datafield>
        <datafield tag="918" ind1="2" ind2=" ">
            <subfield code="a">John Wiley &amp; Sons, Inc</subfield>
            <subfield code="e">provider</subfield>
            <subfield code="5">DNAL</subfield>
        </datafield>
        <datafield tag="935" ind1=" " ind2=" ">
            <subfield code="a">IND43693641</subfield>
            <subfield code="9">ExL</subfield>
        </datafield>
        <datafield tag="949" ind1=" " ind2=" ">
            <subfield code="a">2014-07-17</subfield>
        </datafield>
        <datafield tag="953" ind1=" " ind2=" ">
            <subfield code="a">/data/metadata/incoming/wiley/0028646X_2005_166_2.xml</subfield>
        </datafield>
        <datafield tag="954" ind1=" " ind2=" ">
            <subfield code="a">file:/data/metadata/staging/wiley/0028646X_2005_166_2.xml</subfield>
        </datafield>
        <datafield tag="955" ind1=" " ind2=" ">
            <subfield code="a">/data/metadata/staging/wiley/</subfield>
        </datafield>
        <datafield tag="961" ind1=" " ind2=" ">
            <subfield code="a">USDA/ARS</subfield>
        </datafield>
        <datafield tag="974" ind1=" " ind2=" ">
            <subfield code="a">agid:26376</subfield>
        </datafield>
        <datafield tag="983" ind1=" " ind2=" ">
            <subfield code="a">2021-04-17</subfield>
        </datafield>
        <datafield tag="984" ind1=" " ind2=" ">
            <subfield code="a">2021-04-17</subfield>
        </datafield>
        <datafield tag="986" ind1=" " ind2=" ">
            <subfield code="a">3693641</subfield>
        </datafield>
    </record>