
    <record>
        <leader>03057nab a2200649 u 4500</leader>
        <controlfield tag="001">9915812856207426</controlfield>
        <controlfield tag="005">20221120133051.0</controlfield>
        <controlfield tag="008">090814s2008 xx |||||o|||||||||||eng||</controlfield>
        <datafield tag="016" ind1="7" ind2=" ">
            <subfield code="a">IND44244795</subfield>
            <subfield code="2">DNAL</subfield>
        </datafield>
        <datafield tag="024" ind1="7" ind2=" ">
            <subfield code="a">10.4996/fireecology.0402083</subfield>
            <subfield code="2">doi</subfield>
        </datafield>
        <datafield tag="035" ind1=" " ind2=" ">
            <subfield code="a">agid:762213-01nal_inst</subfield>
        </datafield>
        <datafield tag="040" ind1=" " ind2=" ">
            <subfield code="a">AGL</subfield>
            <subfield code="b">eng</subfield>
            <subfield code="c">AGL</subfield>
        </datafield>
        <datafield tag="072" ind1=" " ind2="0">
            <subfield code="a">P050</subfield>
        </datafield>
        <datafield tag="072" ind1=" " ind2="0">
            <subfield code="a">L300</subfield>
        </datafield>
        <datafield tag="072" ind1=" " ind2="0">
            <subfield code="a">X100</subfield>
        </datafield>
        <datafield tag="072" ind1=" " ind2="0">
            <subfield code="a">F300</subfield>
        </datafield>
        <datafield tag="072" ind1=" " ind2="0">
            <subfield code="a">F841</subfield>
        </datafield>
        <datafield tag="100" ind1="1" ind2=" ">
            <subfield code="a">Roberts, Susan L.</subfield>
        </datafield>
        <datafield tag="245" ind1="1" ind2="0">
            <subfield code="a">Modeling the Effects of Fire Severity and Spatial Complexity on Small
                Mammals in Yosemite National Park, California</subfield>
        </datafield>
        <datafield tag="300" ind1=" " ind2=" ">
            <subfield code="a">p. 83-104.</subfield>
        </datafield>
        <datafield tag="500" ind1=" " ind2=" ">
            <subfield code="a">Includes references</subfield>
        </datafield>
        <datafield tag="520" ind1=" " ind2=" ">
            <subfield code="a">We evaluated the impact of fire severity and related spatial and
                vegetative parameters on small mammal populations in 2 yr- to 15 yr-old burns in
                Yosemite National Park, California, USA. We also developed habitat models that would
                predict small mammal responses to fires of differing severity. We hypothesized that
                fire severity would influence the abundances of small mammals through changes in
                vegetation composition, structure, and spatial habitat complexity. Deer mouse
                (Peromyscus maniculatus) abundance responded negatively to fire severity, and brush
                mouse (P. boylii) abundance increased with increasing oak tree (Quercus spp.) cover.
                Chipmunk (Neotamias spp.) abundance was best predicted through a combination of a
                negative response to oak tree cover and a positive response to spatial habitat
                complexity. California ground squirrel (Spermophilus beecheyi) abundance increased
                with increasing spatial habitat complexity. Our results suggest that fire severity,
                with subsequent changes in vegetation structure and habitat spatial complexity, can
                influence small mammal abundance patterns.</subfield>
        </datafield>
        <datafield tag="593" ind1=" " ind2=" ">
            <subfield code="a">PubAg article</subfield>
        </datafield>
        <datafield tag="650" ind1=" " ind2="3">
            <subfield code="a">small mammals</subfield>
        </datafield>
        <datafield tag="650" ind1=" " ind2="3">
            <subfield code="a">population dynamics</subfield>
        </datafield>
        <datafield tag="650" ind1=" " ind2="3">
            <subfield code="a">wildfires</subfield>
        </datafield>
        <datafield tag="650" ind1=" " ind2="3">
            <subfield code="a">fire severity</subfield>
        </datafield>
        <datafield tag="650" ind1=" " ind2="3">
            <subfield code="a">vegetation structure</subfield>
        </datafield>
        <datafield tag="650" ind1=" " ind2="3">
            <subfield code="a">vegetation cover</subfield>
        </datafield>
        <datafield tag="650" ind1=" " ind2="3">
            <subfield code="a">habitat preferences</subfield>
        </datafield>
        <datafield tag="650" ind1=" " ind2="3">
            <subfield code="a">models</subfield>
        </datafield>
        <datafield tag="650" ind1=" " ind2="3">
            <subfield code="a">prediction</subfield>
        </datafield>
        <datafield tag="651" ind1=" " ind2="3">
            <subfield code="a">California</subfield>
        </datafield>
        <datafield tag="700" ind1="1" ind2=" ">
            <subfield code="a">Van Wagtendonk, Jan W.</subfield>
        </datafield>
        <datafield tag="700" ind1="1" ind2=" ">
            <subfield code="a">Miles, A. Keith</subfield>
        </datafield>
        <datafield tag="700" ind1="1" ind2=" ">
            <subfield code="a">Kelt, Douglas A.</subfield>
        </datafield>
        <datafield tag="700" ind1="1" ind2=" ">
            <subfield code="a">Lutz, James A.</subfield>
        </datafield>
        <datafield tag="773" ind1="0" ind2=" ">
            <subfield code="t">Fire ecology.</subfield>
            <subfield code="g">2008, v. 4, no. 2 p.83-104</subfield>
            <subfield code="x">1933-9747</subfield>
            <subfield code="7">nnas</subfield>
        </datafield>
        <datafield tag="787" ind1="1" ind2=" ">
            <subfield code="o">islandora_article_repository</subfield>
        </datafield>
        <datafield tag="787" ind1="1" ind2=" ">
            <subfield code="o">product_pubag</subfield>
        </datafield>
        <datafield tag="787" ind1="1" ind2=" ">
            <subfield code="o">(Journal)6171</subfield>
        </datafield>
        <datafield tag="852" ind1=" " ind2=" ">
            <subfield code="a">DNAL</subfield>
        </datafield>
        <datafield tag="856" ind1="4" ind2="0">
            <subfield code="u">http://dx.doi.org/10.4996/fireecology.0402083</subfield>
            <subfield code="3">Available from publisher's Web site</subfield>
        </datafield>
        <datafield tag="912" ind1=" " ind2=" ">
            <subfield code="a">Article</subfield>
        </datafield>
        <datafield tag="914" ind1=" " ind2=" ">
            <subfield code="a">Journal:6171</subfield>
            <subfield code="b">1933-9747</subfield>
            <subfield code="c">4</subfield>
            <subfield code="d">2</subfield>
            <subfield code="e">83</subfield>
        </datafield>
        <datafield tag="914" ind1=" " ind2=" ">
            <subfield code="f">Fire ecology</subfield>
        </datafield>
        <datafield tag="917" ind1=" " ind2=" ">
            <subfield code="a">issued</subfield>
        </datafield>
        <datafield tag="930" ind1=" " ind2=" ">
            <subfield code="a">20090824</subfield>
            <subfield code="b">00000000</subfield>
            <subfield code="c">00000000</subfield>
        </datafield>
        <datafield tag="935" ind1=" " ind2=" ">
            <subfield code="a">IND44244795</subfield>
            <subfield code="9">ExL</subfield>
        </datafield>
        <datafield tag="945" ind1=" " ind2=" ">
            <subfield code="a">IND</subfield>
            <subfield code="d">LYN</subfield>
            <subfield code="e">2009/08/24</subfield>
        </datafield>
        <datafield tag="946" ind1=" " ind2=" ">
            <subfield code="a">Other US</subfield>
        </datafield>
        <datafield tag="949" ind1=" " ind2=" ">
            <subfield code="a">2014-07-17</subfield>
        </datafield>
        <datafield tag="952" ind1=" " ind2=" ">
            <subfield code="a">20090824 00000000 00000000</subfield>
            <subfield code="b">IND LYN 2009/08/24</subfield>
        </datafield>
        <datafield tag="974" ind1=" " ind2=" ">
            <subfield code="a">agid:762213</subfield>
        </datafield>
        <datafield tag="984" ind1=" " ind2=" ">
            <subfield code="a">2014-07-25</subfield>
        </datafield>
        <datafield tag="985" ind1=" " ind2=" ">
            <subfield code="a">Converted from MARCXML to MODS version 3.4 using
                MARC21slim2MODS3-4.xsl (Revision 1.95 2014/04/23)</subfield>
        </datafield>
        <datafield tag="986" ind1=" " ind2=" ">
            <subfield code="a">4244795</subfield>
        </datafield>
    </record>