
    <record>
        <leader>02984nab a2200445 u 4500</leader>
        <controlfield tag="001">9915813343107426</controlfield>
        <controlfield tag="005">20221123043321.0</controlfield>
        <controlfield tag="008">090417e200904 xx |||||o|||||||||||eng||</controlfield>
        <datafield tag="016" ind1="7" ind2=" ">
            <subfield code="a">IND44192201</subfield>
            <subfield code="2">DNAL</subfield>
        </datafield>
        <datafield tag="024" ind1="7" ind2=" ">
            <subfield code="a">10.1111/j.1748-7692.2008.00263.x</subfield>
            <subfield code="2">doi</subfield>
        </datafield>
        <datafield tag="035" ind1=" " ind2=" ">
            <subfield code="a">agid:2173154-01nal_inst</subfield>
        </datafield>
        <datafield tag="040" ind1=" " ind2=" ">
            <subfield code="a">AGL</subfield>
            <subfield code="b">eng</subfield>
            <subfield code="c">AGL</subfield>
        </datafield>
        <datafield tag="100" ind1="1" ind2=" ">
            <subfield code="a">Friedlaender, Ari S.</subfield>
        </datafield>
        <datafield tag="245" ind1="1" ind2="0">
            <subfield code="a">Evidence of resource partitioning between humpback and minke whales
                around the western Antarctic Peninsula</subfield>
        </datafield>
        <datafield tag="300" ind1=" " ind2=" ">
            <subfield code="a">p. 402-415.</subfield>
        </datafield>
        <datafield tag="520" ind1=" " ind2=" ">
            <subfield code="a">For closely related sympatric species to coexist, they must differ to
                some degree in their ecological requirements or niches (e.g., diets) to avoid
                interspecific competition. Baleen whales in the Antarctic feed primarily on krill,
                and the large sympatric prewhaling community suggests resource partitioning among
                these species or a nonlimiting prey resource. In order to examine ecological
                differences between sympatric humpback and minke whales around the Western Antarctic
                Peninsula, we made measurements of the physical environment, observations of whale
                distribution, and concurrent acoustic measurements of krill aggregations. Mantel's
                tests and classification and regression tree models indicate both similarities and
                differences in the spatial associations between humpback and minke whales,
                environmental features, and prey. The data suggest (1) similarities (proximity to
                shore) and differences (prey abundance versus deep water temperatures) in horizontal
                spatial distribution patterns, (2) unambiguous vertical resource partitioning with
                minke whales associating with deeper krill aggregations across a range of spatial
                scales, and (3) that interference competition between these two species is unlikely.
                These results add to the paucity of ecological knowledge relating baleen whales and
                their prey in the Antarctic and should be considered in conservation and management
                efforts for Southern Ocean cetaceans and ecosystems.</subfield>
        </datafield>
        <datafield tag="650" ind1=" " ind2="3">
            <subfield code="a">krill</subfield>
        </datafield>
        <datafield tag="650" ind1=" " ind2="3">
            <subfield code="a">whales</subfield>
        </datafield>
        <datafield tag="651" ind1=" " ind2="3">
            <subfield code="a">Antarctica</subfield>
        </datafield>
        <datafield tag="653" ind1=" " ind2="0">
            <subfield code="a">diving and foraging behavior</subfield>
        </datafield>
        <datafield tag="653" ind1=" " ind2="0">
            <subfield code="a">spatial analysis</subfield>
        </datafield>
        <datafield tag="700" ind1="1" ind2=" ">
            <subfield code="a">Lawson, Gareth L.</subfield>
        </datafield>
        <datafield tag="700" ind1="1" ind2=" ">
            <subfield code="a">Halpin, Patrick N.</subfield>
        </datafield>
        <datafield tag="773" ind1="0" ind2=" ">
            <subfield code="t">Marine mammal science.</subfield>
            <subfield code="g">2009 Apr., v. 25, no. 2 p.402-415</subfield>
            <subfield code="d">Blackwell Publishing Inc</subfield>
            <subfield code="x">0824-0469</subfield>
            <subfield code="7">nnas</subfield>
        </datafield>
        <datafield tag="787" ind1="1" ind2=" ">
            <subfield code="o">islandora_article_repository</subfield>
        </datafield>
        <datafield tag="787" ind1="1" ind2=" ">
            <subfield code="o">(Journal)jnl3867099</subfield>
        </datafield>
        <datafield tag="852" ind1=" " ind2=" ">
            <subfield code="a">DNAL</subfield>
        </datafield>
        <datafield tag="856" ind1="4" ind2="0">
            <subfield code="u">http://dx.doi.org/10.1111/j.1748-7692.2008.00263.x</subfield>
            <subfield code="3">Available from publisher's Web site</subfield>
        </datafield>
        <datafield tag="912" ind1=" " ind2=" ">
            <subfield code="a">Article</subfield>
        </datafield>
        <datafield tag="914" ind1=" " ind2=" ">
            <subfield code="a">Journal:jnl3867099</subfield>
        </datafield>
        <datafield tag="914" ind1=" " ind2=" ">
            <subfield code="f">Marine mammal science</subfield>
        </datafield>
        <datafield tag="917" ind1=" " ind2=" ">
            <subfield code="a">reindex</subfield>
        </datafield>
        <datafield tag="930" ind1=" " ind2=" ">
            <subfield code="a">20090417</subfield>
            <subfield code="b">20090508</subfield>
            <subfield code="c">00000000</subfield>
        </datafield>
        <datafield tag="935" ind1=" " ind2=" ">
            <subfield code="a">IND44192201</subfield>
            <subfield code="9">ExL</subfield>
        </datafield>
        <datafield tag="946" ind1=" " ind2=" ">
            <subfield code="a">Other US</subfield>
        </datafield>
        <datafield tag="952" ind1=" " ind2=" ">
            <subfield code="a">20090417 20090508 00000000</subfield>
            <subfield code="c">NALT auto-assigned from publisher keywords</subfield>
        </datafield>
        <datafield tag="974" ind1=" " ind2=" ">
            <subfield code="a">agid:2173154</subfield>
        </datafield>
        <datafield tag="984" ind1=" " ind2=" ">
            <subfield code="a">2014-12-19</subfield>
        </datafield>
        <datafield tag="985" ind1=" " ind2=" ">
            <subfield code="a">Converted from MARCXML to MODS version 3.4 using
                MARC21slim2MODS3-4.xsl (Revision 1.95 2014/04/23)</subfield>
        </datafield>
        <datafield tag="986" ind1=" " ind2=" ">
            <subfield code="a">4192201</subfield>
        </datafield>
    </record>

</collection>
